%YAML 1.1
%TAG !u! tag:unity3d.com,2011:
--- !u!29 &1
SceneSettings:
  m_ObjectHideFlags: 0
  m_PVSData: 
  m_PVSObjectsArray: []
  m_PVSPortalsArray: []
  m_OcclusionBakeSettings:
    smallestOccluder: 5
    smallestHole: 0.25
    backfaceThreshold: 100
--- !u!104 &2
RenderSettings:
  m_ObjectHideFlags: 0
  serializedVersion: 6
  m_Fog: 1
  m_FogColor: {r: 0.09932559, g: 0.101960786, b: 0.09156478, a: 1}
  m_FogMode: 1
  m_FogDensity: 0
  m_LinearFogStart: 1
  m_LinearFogEnd: 1200
  m_AmbientSkyColor: {r: 0.20069206, g: 0.21323532, b: 0.20076194, a: 1}
  m_AmbientEquatorColor: {r: 0.20069206, g: 0.21323532, b: 0.20076194, a: 1}
  m_AmbientGroundColor: {r: 0.20069206, g: 0.21323532, b: 0.20076194, a: 1}
  m_AmbientIntensity: 1
  m_AmbientMode: 3
  m_SkyboxMaterial: {fileID: 2100000, guid: 74f76025e3f704b6ab58bbb6e962e04b, type: 2}
  m_HaloStrength: 0.5
  m_FlareStrength: 1
  m_FlareFadeSpeed: 3
  m_HaloTexture: {fileID: 0}
  m_SpotCookie: {fileID: 10001, guid: 0000000000000000e000000000000000, type: 0}
  m_DefaultReflectionMode: 0
  m_DefaultReflectionResolution: 128
  m_ReflectionBounces: 1
  m_ReflectionIntensity: 1
  m_CustomReflection: {fileID: 0}
  m_Sun: {fileID: 0}
--- !u!157 &4
LightmapSettings:
  m_ObjectHideFlags: 0
  serializedVersion: 6
  m_GIWorkflowMode: 1
  m_LightmapsMode: 1
  m_GISettings:
    serializedVersion: 2
    m_BounceScale: 1
    m_IndirectOutputScale: 1
    m_AlbedoBoost: 1
    m_TemporalCoherenceThreshold: 1
    m_EnvironmentLightingMode: 0
    m_EnableBakedLightmaps: 1
    m_EnableRealtimeLightmaps: 0
  m_LightmapEditorSettings:
    serializedVersion: 3
    m_Resolution: 1
    m_BakeResolution: 50
    m_TextureWidth: 1024
    m_TextureHeight: 1024
    m_AOMaxDistance: 1
    m_Padding: 2
    m_CompAOExponent: 0
    m_LightmapParameters: {fileID: 0}
    m_TextureCompression: 0
    m_FinalGather: 0
    m_FinalGatherRayCount: 1024
    m_ReflectionCompression: 2
  m_LightingDataAsset: {fileID: 112000000, guid: 508a0c0599112467a819c624d3105164,
    type: 2}
  m_RuntimeCPUUsage: 25
--- !u!196 &5
NavMeshSettings:
  serializedVersion: 2
  m_ObjectHideFlags: 0
  m_BuildSettings:
    serializedVersion: 2
    agentRadius: 0.5
    agentHeight: 2
    agentSlope: 45
    agentClimb: 0.4
    ledgeDropHeight: 0
    maxJumpAcrossDistance: 0
    accuratePlacement: 0
    minRegionArea: 2
    cellSize: 0.16666666
    manualCellSize: 0
  m_NavMeshData: {fileID: 0}
--- !u!1001 &36668805
Prefab:
  m_ObjectHideFlags: 0
  serializedVersion: 2
  m_Modification:
    m_TransformParent: {fileID: 0}
    m_Modifications:
    - target: {fileID: 459908, guid: a4d020d60b18649af92bb2a05e00d513, type: 2}
      propertyPath: m_LocalPosition.x
      value: -0
      objectReference: {fileID: 0}
    - target: {fileID: 459908, guid: a4d020d60b18649af92bb2a05e00d513, type: 2}
      propertyPath: m_LocalPosition.y
      value: 0
      objectReference: {fileID: 0}
    - target: {fileID: 459908, guid: a4d020d60b18649af92bb2a05e00d513, type: 2}
      propertyPath: m_LocalPosition.z
      value: 0
      objectReference: {fileID: 0}
    - target: {fileID: 459908, guid: a4d020d60b18649af92bb2a05e00d513, type: 2}
      propertyPath: m_LocalRotation.x
      value: 0
      objectReference: {fileID: 0}
    - target: {fileID: 459908, guid: a4d020d60b18649af92bb2a05e00d513, type: 2}
      propertyPath: m_LocalRotation.y
      value: 0
      objectReference: {fileID: 0}
    - target: {fileID: 459908, guid: a4d020d60b18649af92bb2a05e00d513, type: 2}
      propertyPath: m_LocalRotation.z
      value: 0
      objectReference: {fileID: 0}
    - target: {fileID: 459908, guid: a4d020d60b18649af92bb2a05e00d513, type: 2}
      propertyPath: m_LocalRotation.w
      value: 1
      objectReference: {fileID: 0}
    - target: {fileID: 459908, guid: a4d020d60b18649af92bb2a05e00d513, type: 2}
      propertyPath: m_RootOrder
      value: 1
      objectReference: {fileID: 0}
    m_RemovedComponents: []
  m_ParentPrefab: {fileID: 100100000, guid: a4d020d60b18649af92bb2a05e00d513, type: 2}
  m_RootGameObject: {fileID: 1183860582}
  m_IsPrefabParent: 0
--- !u!1 &381225052
GameObject:
  m_ObjectHideFlags: 0
  m_PrefabParentObject: {fileID: 143674, guid: a4d020d60b18649af92bb2a05e00d513, type: 2}
  m_PrefabInternal: {fileID: 36668805}
  serializedVersion: 4
  m_Component:
  - 4: {fileID: 381225053}
  - 123: {fileID: 381225054}
  m_Layer: 0
  m_Name: MountainGlow
  m_TagString: Untagged
  m_Icon: {fileID: 0}
  m_NavMeshLayer: 0
  m_StaticEditorFlags: 0
  m_IsActive: 1
--- !u!4 &381225053
Transform:
  m_ObjectHideFlags: 0
  m_PrefabParentObject: {fileID: 443674, guid: a4d020d60b18649af92bb2a05e00d513, type: 2}
  m_PrefabInternal: {fileID: 36668805}
  m_GameObject: {fileID: 381225052}
  m_LocalRotation: {x: 0, y: 0, z: 0, w: 1}
  m_LocalPosition: {x: 0, y: 0.61, z: 0}
  m_LocalScale: {x: 0.06934206, y: 0.06934206, z: 0.06934206}
  m_Children: []
  m_Father: {fileID: 825963621}
  m_RootOrder: 0
--- !u!123 &381225054
LensFlare:
  m_ObjectHideFlags: 0
  m_PrefabParentObject: {fileID: 12343674, guid: a4d020d60b18649af92bb2a05e00d513,
    type: 2}
  m_PrefabInternal: {fileID: 36668805}
  m_GameObject: {fileID: 381225052}
  m_Enabled: 1
  m_Flare: {fileID: 12100000, guid: 4bd4faf9a6beb484485deba5aeb62c81, type: 2}
  m_Color: {r: 0.8235294, g: 0.15334684, b: 0, a: 1}
  m_Brightness: 0.2
  m_FadeSpeed: 0.1
  m_IgnoreLayers:
    serializedVersion: 2
    m_Bits: 6
  m_Directional: 0
--- !u!1 &573779202
GameObject:
  m_ObjectHideFlags: 0
  m_PrefabParentObject: {fileID: 129746, guid: a4d020d60b18649af92bb2a05e00d513, type: 2}
  m_PrefabInternal: {fileID: 36668805}
  serializedVersion: 4
  m_Component:
  - 4: {fileID: 573779207}
  - 20: {fileID: 573779203}
  - 124: {fileID: 573779206}
  - 92: {fileID: 573779205}
  - 81: {fileID: 573779204}
  m_Layer: 0
  m_Name: Camera
  m_TagString: Untagged
  m_Icon: {fileID: 0}
  m_NavMeshLayer: 0
  m_StaticEditorFlags: 0
  m_IsActive: 1
--- !u!20 &573779203
Camera:
  m_ObjectHideFlags: 0
  m_PrefabParentObject: {fileID: 2029746, guid: a4d020d60b18649af92bb2a05e00d513,
    type: 2}
  m_PrefabInternal: {fileID: 36668805}
  m_GameObject: {fileID: 573779202}
  m_Enabled: 1
  serializedVersion: 2
  m_ClearFlags: 1
  m_BackGroundColor: {r: 0.19215687, g: 0.3019608, b: 0.4745098, a: 0.019607844}
  m_NormalizedViewPortRect:
    serializedVersion: 2
    x: 0
    y: 0
    width: 1
    height: 1
  near clip plane: 0.3
  far clip plane: 1000
  field of view: 80
  orthographic: 0
  orthographic size: 5
  m_Depth: 0
  m_CullingMask:
    serializedVersion: 2
    m_Bits: 4294967295
  m_RenderingPath: -1
  m_TargetTexture: {fileID: 0}
  m_TargetDisplay: 0
  m_TargetEye: 3
  m_HDR: 0
  m_OcclusionCulling: 1
  m_StereoConvergence: 10
  m_StereoSeparation: 0.022
  m_StereoMirrorMode: 0
--- !u!81 &573779204
AudioListener:
  m_ObjectHideFlags: 0
  m_PrefabParentObject: {fileID: 8129746, guid: a4d020d60b18649af92bb2a05e00d513,
    type: 2}
  m_PrefabInternal: {fileID: 36668805}
  m_GameObject: {fileID: 573779202}
  m_Enabled: 1
--- !u!92 &573779205
Behaviour:
  m_ObjectHideFlags: 0
  m_PrefabParentObject: {fileID: 9229746, guid: a4d020d60b18649af92bb2a05e00d513,
    type: 2}
  m_PrefabInternal: {fileID: 36668805}
  m_GameObject: {fileID: 573779202}
  m_Enabled: 1
--- !u!124 &573779206
Behaviour:
  m_ObjectHideFlags: 0
  m_PrefabParentObject: {fileID: 12429746, guid: a4d020d60b18649af92bb2a05e00d513,
    type: 2}
  m_PrefabInternal: {fileID: 36668805}
  m_GameObject: {fileID: 573779202}
  m_Enabled: 1
--- !u!4 &573779207
Transform:
  m_ObjectHideFlags: 0
  m_PrefabParentObject: {fileID: 429746, guid: a4d020d60b18649af92bb2a05e00d513, type: 2}
  m_PrefabInternal: {fileID: 36668805}
  m_GameObject: {fileID: 573779202}
  m_LocalRotation: {x: -0.05621624, y: -0.84303015, z: -0.11738302, w: 0.52188236}
  m_LocalPosition: {x: 193.3, y: 73.1, z: 130.7}
  m_LocalScale: {x: 1, y: 1, z: 1}
  m_Children: []
  m_Father: {fileID: 1183860583}
  m_RootOrder: 2
--- !u!1 &584389618
GameObject:
  m_ObjectHideFlags: 0
  m_PrefabParentObject: {fileID: 109846, guid: a4d020d60b18649af92bb2a05e00d513, type: 2}
  m_PrefabInternal: {fileID: 36668805}
  serializedVersion: 4
  m_Component:
  - 4: {fileID: 584389619}
  - 108: {fileID: 584389620}
  m_Layer: 0
  m_Name: Point light
  m_TagString: Untagged
  m_Icon: {fileID: 0}
  m_NavMeshLayer: 0
  m_StaticEditorFlags: 0
  m_IsActive: 1
--- !u!4 &584389619
Transform:
  m_ObjectHideFlags: 0
  m_PrefabParentObject: {fileID: 409846, guid: a4d020d60b18649af92bb2a05e00d513, type: 2}
  m_PrefabInternal: {fileID: 36668805}
  m_GameObject: {fileID: 584389618}
  m_LocalRotation: {x: 0, y: 0, z: 0, w: 1}
  m_LocalPosition: {x: 8.2, y: 18.2, z: 45.3}
  m_LocalScale: {x: 1, y: 1, z: 1}
  m_Children: []
  m_Father: {fileID: 1183860583}
  m_RootOrder: 5
--- !u!108 &584389620
Light:
  m_ObjectHideFlags: 0
  m_PrefabParentObject: {fileID: 10809846, guid: a4d020d60b18649af92bb2a05e00d513,
    type: 2}
  m_PrefabInternal: {fileID: 36668805}
  m_GameObject: {fileID: 584389618}
  m_Enabled: 1
  serializedVersion: 6
  m_Type: 2
  m_Color: {r: 1, g: 0.5939148, b: 0.33088237, a: 1}
  m_Intensity: 0.79774064
  m_Range: 69.46
  m_SpotAngle: 30
  m_CookieSize: 10
  m_Shadows:
    m_Type: 0
    m_Resolution: -1
    m_Strength: 1
    m_Bias: 0.05
    m_NormalBias: 0.4
    m_NearPlane: 0.2
  m_Cookie: {fileID: 0}
  m_DrawHalo: 0
  m_Flare: {fileID: 0}
  m_RenderMode: 0
  m_CullingMask:
    serializedVersion: 2
    m_Bits: 4294967295
  m_Lightmapping: 1
  m_BounceIntensity: 1
  m_ShadowRadius: 0
  m_ShadowAngle: 0
  m_AreaSize: {x: 1, y: 1}
--- !u!1 &762814163
GameObject:
  m_ObjectHideFlags: 0
  m_PrefabParentObject: {fileID: 111522, guid: a4d020d60b18649af92bb2a05e00d513, type: 2}
  m_PrefabInternal: {fileID: 36668805}
  serializedVersion: 4
  m_Component:
  - 4: {fileID: 762814164}
  - 33: {fileID: 762814167}
  - 23: {fileID: 762814166}
  - 95: {fileID: 762814165}
  m_Layer: 0
  m_Name: AllSky_DemoEnvironment_Light
  m_TagString: Untagged
  m_Icon: {fileID: 0}
  m_NavMeshLayer: 0
  m_StaticEditorFlags: 0
  m_IsActive: 1
--- !u!4 &762814164
Transform:
  m_ObjectHideFlags: 0
  m_PrefabParentObject: {fileID: 411522, guid: a4d020d60b18649af92bb2a05e00d513, type: 2}
  m_PrefabInternal: {fileID: 36668805}
  m_GameObject: {fileID: 762814163}
  m_LocalRotation: {x: -0.70356476, y: 0.07068698, z: 0.07068698, w: 0.70356476}
  m_LocalPosition: {x: 70.64, y: 17.02, z: -11.6}
  m_LocalScale: {x: 1, y: 1, z: 1}
  m_Children: []
  m_Father: {fileID: 1183860583}
  m_RootOrder: 13
--- !u!95 &762814165
Animator:
  serializedVersion: 3
  m_ObjectHideFlags: 0
  m_PrefabParentObject: {fileID: 9511524, guid: a4d020d60b18649af92bb2a05e00d513,
    type: 2}
  m_PrefabInternal: {fileID: 36668805}
  m_GameObject: {fileID: 762814163}
  m_Enabled: 1
  m_Avatar: {fileID: 9000000, guid: a86608a16093647c082aa3ccf69d2558, type: 3}
  m_Controller: {fileID: 0}
  m_CullingMode: 0
  m_UpdateMode: 0
  m_ApplyRootMotion: 1
  m_LinearVelocityBlending: 0
  m_WarningMessage: 
  m_HasTransformHierarchy: 1
  m_AllowConstantClipSamplingOptimization: 1
--- !u!23 &762814166
MeshRenderer:
  m_ObjectHideFlags: 0
  m_PrefabParentObject: {fileID: 2311524, guid: a4d020d60b18649af92bb2a05e00d513,
    type: 2}
  m_PrefabInternal: {fileID: 36668805}
  m_GameObject: {fileID: 762814163}
  m_Enabled: 1
  m_CastShadows: 1
  m_ReceiveShadows: 1
  m_Materials:
  - {fileID: 2100000, guid: 05aa87d4636d34850a6f48daedd1b55c, type: 2}
  - {fileID: 2100000, guid: a7f9f8058b27648f4ba9ed54ced4ac00, type: 2}
  m_SubsetIndices: 
  m_StaticBatchRoot: {fileID: 0}
  m_UseLightProbes: 0
  m_ReflectionProbeUsage: 1
  m_ProbeAnchor: {fileID: 0}
  m_ScaleInLightmap: 1
  m_PreserveUVs: 0
  m_IgnoreNormalsForChartDetection: 0
  m_ImportantGI: 0
  m_MinimumChartSize: 4
  m_AutoUVMaxDistance: 0.5
  m_AutoUVMaxAngle: 89
  m_LightmapParameters: {fileID: 0}
  m_SortingLayerID: 0
  m_SortingOrder: 0
--- !u!33 &762814167
MeshFilter:
  m_ObjectHideFlags: 0
  m_PrefabParentObject: {fileID: 3311524, guid: a4d020d60b18649af92bb2a05e00d513,
    type: 2}
  m_PrefabInternal: {fileID: 36668805}
  m_GameObject: {fileID: 762814163}
  m_Mesh: {fileID: 4300000, guid: a86608a16093647c082aa3ccf69d2558, type: 3}
--- !u!1 &770806684
GameObject:
  m_ObjectHideFlags: 0
  m_PrefabParentObject: {fileID: 127676, guid: a4d020d60b18649af92bb2a05e00d513, type: 2}
  m_PrefabInternal: {fileID: 36668805}
  serializedVersion: 4
  m_Component:
  - 224: {fileID: 770806685}
  - 222: {fileID: 770806687}
  - 114: {fileID: 770806686}
  m_Layer: 5
  m_Name: Gradient
  m_TagString: Untagged
  m_Icon: {fileID: 0}
  m_NavMeshLayer: 0
  m_StaticEditorFlags: 0
  m_IsActive: 1
--- !u!224 &770806685
RectTransform:
  m_ObjectHideFlags: 0
  m_PrefabParentObject: {fileID: 22427676, guid: a4d020d60b18649af92bb2a05e00d513,
    type: 2}
  m_PrefabInternal: {fileID: 36668805}
  m_GameObject: {fileID: 770806684}
  m_LocalRotation: {x: 0, y: 0, z: 0, w: 1}
  m_LocalPosition: {x: 0, y: 0, z: 0}
  m_LocalScale: {x: 1, y: 1, z: 1}
  m_Children: []
  m_Father: {fileID: 1924791449}
  m_RootOrder: 0
  m_AnchorMin: {x: 0, y: 0}
  m_AnchorMax: {x: 1, y: 0}
  m_AnchoredPosition: {x: 0, y: 45.1}
  m_SizeDelta: {x: 0, y: 100}
  m_Pivot: {x: 0.5, y: 0.5}
--- !u!114 &770806686
MonoBehaviour:
  m_ObjectHideFlags: 0
  m_PrefabParentObject: {fileID: 11427676, guid: a4d020d60b18649af92bb2a05e00d513,
    type: 2}
  m_PrefabInternal: {fileID: 36668805}
  m_GameObject: {fileID: 770806684}
  m_Enabled: 1
  m_EditorHideFlags: 0
  m_Script: {fileID: -765806418, guid: f5f67c52d1564df4a8936ccd202a3bd8, type: 3}
  m_Name: 
  m_EditorClassIdentifier: 
  m_Material: {fileID: 0}
  m_Color: {r: 1, g: 1, b: 1, a: 1}
  m_RaycastTarget: 1
  m_OnCullStateChanged:
    m_PersistentCalls:
      m_Calls: []
    m_TypeName: UnityEngine.UI.MaskableGraphic+CullStateChangedEvent, UnityEngine.UI,
      Version=1.0.0.0, Culture=neutral, PublicKeyToken=null
  m_Sprite: {fileID: 21300000, guid: 5fcdc8d88900447cbacc2451e4e54427, type: 3}
  m_Type: 0
  m_PreserveAspect: 0
  m_FillCenter: 1
  m_FillMethod: 4
  m_FillAmount: 1
  m_FillClockwise: 1
  m_FillOrigin: 0
--- !u!222 &770806687
CanvasRenderer:
  m_ObjectHideFlags: 0
  m_PrefabParentObject: {fileID: 22227676, guid: a4d020d60b18649af92bb2a05e00d513,
    type: 2}
  m_PrefabInternal: {fileID: 36668805}
  m_GameObject: {fileID: 770806684}
--- !u!1 &772068837
GameObject:
  m_ObjectHideFlags: 0
  m_PrefabParentObject: {fileID: 165720, guid: a4d020d60b18649af92bb2a05e00d513, type: 2}
  m_PrefabInternal: {fileID: 36668805}
  serializedVersion: 4
  m_Component:
  - 4: {fileID: 772068838}
  - 33: {fileID: 772068841}
  - 135: {fileID: 772068840}
  - 23: {fileID: 772068839}
  m_Layer: 0
  m_Name: MountainGlowObject
  m_TagString: Untagged
  m_Icon: {fileID: 0}
  m_NavMeshLayer: 0
  m_StaticEditorFlags: 0
  m_IsActive: 1
--- !u!4 &772068838
Transform:
  m_ObjectHideFlags: 0
  m_PrefabParentObject: {fileID: 465720, guid: a4d020d60b18649af92bb2a05e00d513, type: 2}
  m_PrefabInternal: {fileID: 36668805}
  m_GameObject: {fileID: 772068837}
  m_LocalRotation: {x: 0, y: 0, z: 0, w: 1}
  m_LocalPosition: {x: -559.2, y: 278.1, z: 528.9}
  m_LocalScale: {x: 9.436284, y: 9.436287, z: 9.436287}
  m_Children:
  - {fileID: 1929034741}
  - {fileID: 1874240188}
  m_Father: {fileID: 1183860583}
  m_RootOrder: 17
--- !u!23 &772068839
MeshRenderer:
  m_ObjectHideFlags: 0
  m_PrefabParentObject: {fileID: 2365722, guid: a4d020d60b18649af92bb2a05e00d513,
    type: 2}
  m_PrefabInternal: {fileID: 36668805}
  m_GameObject: {fileID: 772068837}
  m_Enabled: 1
  m_CastShadows: 1
  m_ReceiveShadows: 1
  m_Materials:
  - {fileID: 2100000, guid: 413befd66bdd84d569871d0524b4685a, type: 2}
  m_SubsetIndices: 
  m_StaticBatchRoot: {fileID: 0}
  m_UseLightProbes: 0
  m_ReflectionProbeUsage: 1
  m_ProbeAnchor: {fileID: 0}
  m_ScaleInLightmap: 1
  m_PreserveUVs: 0
  m_IgnoreNormalsForChartDetection: 0
  m_ImportantGI: 0
  m_MinimumChartSize: 4
  m_AutoUVMaxDistance: 0.5
  m_AutoUVMaxAngle: 89
  m_LightmapParameters: {fileID: 0}
  m_SortingLayerID: 0
  m_SortingOrder: 0
--- !u!135 &772068840
SphereCollider:
  m_ObjectHideFlags: 0
  m_PrefabParentObject: {fileID: 13565722, guid: a4d020d60b18649af92bb2a05e00d513,
    type: 2}
  m_PrefabInternal: {fileID: 36668805}
  m_GameObject: {fileID: 772068837}
  m_Material: {fileID: 0}
  m_IsTrigger: 0
  m_Enabled: 1
  serializedVersion: 2
  m_Radius: 0.5
  m_Center: {x: 0, y: 0, z: 0}
--- !u!33 &772068841
MeshFilter:
  m_ObjectHideFlags: 0
  m_PrefabParentObject: {fileID: 3365722, guid: a4d020d60b18649af92bb2a05e00d513,
    type: 2}
  m_PrefabInternal: {fileID: 36668805}
  m_GameObject: {fileID: 772068837}
  m_Mesh: {fileID: 10207, guid: 0000000000000000e000000000000000, type: 0}
--- !u!1 &813510281
GameObject:
  m_ObjectHideFlags: 0
  m_PrefabParentObject: {fileID: 172398, guid: a4d020d60b18649af92bb2a05e00d513, type: 2}
  m_PrefabInternal: {fileID: 36668805}
  serializedVersion: 4
  m_Component:
  - 4: {fileID: 813510282}
  - 33: {fileID: 813510285}
  - 23: {fileID: 813510284}
  - 64: {fileID: 813510283}
  m_Layer: 0
  m_Name: AllSky_DemoEnvironment
  m_TagString: Untagged
  m_Icon: {fileID: 0}
  m_NavMeshLayer: 0
  m_StaticEditorFlags: 0
  m_IsActive: 1
--- !u!4 &813510282
Transform:
  m_ObjectHideFlags: 0
  m_PrefabParentObject: {fileID: 472398, guid: a4d020d60b18649af92bb2a05e00d513, type: 2}
  m_PrefabInternal: {fileID: 36668805}
  m_GameObject: {fileID: 813510281}
  m_LocalRotation: {x: 0, y: 0.7071068, z: 0.7071068, w: 0}
  m_LocalPosition: {x: 0, y: 0, z: 0}
  m_LocalScale: {x: 1, y: 1, z: 1}
  m_Children: []
  m_Father: {fileID: 1183860583}
  m_RootOrder: 1
--- !u!64 &813510283
MeshCollider:
  m_ObjectHideFlags: 0
  m_PrefabParentObject: {fileID: 6401870, guid: a4d020d60b18649af92bb2a05e00d513,
    type: 2}
  m_PrefabInternal: {fileID: 36668805}
  m_GameObject: {fileID: 813510281}
  m_Material: {fileID: 0}
  m_IsTrigger: 0
  m_Enabled: 1
  serializedVersion: 2
  m_Convex: 0
  m_Mesh: {fileID: 4300000, guid: 3016c1d519731466ebd747543eef9970, type: 3}
--- !u!23 &813510284
MeshRenderer:
  m_ObjectHideFlags: 0
  m_PrefabParentObject: {fileID: 2372398, guid: a4d020d60b18649af92bb2a05e00d513,
    type: 2}
  m_PrefabInternal: {fileID: 36668805}
  m_GameObject: {fileID: 813510281}
  m_Enabled: 1
  m_CastShadows: 1
  m_ReceiveShadows: 1
  m_Materials:
  - {fileID: 2100000, guid: 3386ea1f916284d438a5d95882e39fd6, type: 2}
  - {fileID: 2100000, guid: 2e6761ef29bab414093fbcc3d8b98559, type: 2}
  - {fileID: 2100000, guid: 179503e6ea7a5414da971761ed8ad6a1, type: 2}
  m_SubsetIndices: 
  m_StaticBatchRoot: {fileID: 0}
  m_UseLightProbes: 0
  m_ReflectionProbeUsage: 1
  m_ProbeAnchor: {fileID: 0}
  m_ScaleInLightmap: 1
  m_PreserveUVs: 0
  m_IgnoreNormalsForChartDetection: 0
  m_ImportantGI: 0
  m_MinimumChartSize: 4
  m_AutoUVMaxDistance: 0.5
  m_AutoUVMaxAngle: 89
  m_LightmapParameters: {fileID: 0}
  m_SortingLayerID: 0
  m_SortingOrder: 0
--- !u!33 &813510285
MeshFilter:
  m_ObjectHideFlags: 0
  m_PrefabParentObject: {fileID: 3372398, guid: a4d020d60b18649af92bb2a05e00d513,
    type: 2}
  m_PrefabInternal: {fileID: 36668805}
  m_GameObject: {fileID: 813510281}
  m_Mesh: {fileID: 4300000, guid: 3016c1d519731466ebd747543eef9970, type: 3}
--- !u!1 &825963620
GameObject:
  m_ObjectHideFlags: 0
  m_PrefabParentObject: {fileID: 143672, guid: a4d020d60b18649af92bb2a05e00d513, type: 2}
  m_PrefabInternal: {fileID: 36668805}
  serializedVersion: 4
  m_Component:
  - 4: {fileID: 825963621}
  - 33: {fileID: 825963624}
  - 135: {fileID: 825963623}
  - 23: {fileID: 825963622}
  m_Layer: 0
  m_Name: MountainGlowObject
  m_TagString: Untagged
  m_Icon: {fileID: 0}
  m_NavMeshLayer: 0
  m_StaticEditorFlags: 0
  m_IsActive: 1
--- !u!4 &825963621
Transform:
  m_ObjectHideFlags: 0
  m_PrefabParentObject: {fileID: 443672, guid: a4d020d60b18649af92bb2a05e00d513, type: 2}
  m_PrefabInternal: {fileID: 36668805}
  m_GameObject: {fileID: 825963620}
  m_LocalRotation: {x: 0, y: 0, z: 0, w: 1}
  m_LocalPosition: {x: 192.4, y: 211.66, z: -514.54}
  m_LocalScale: {x: 6.270317, y: 6.2703166, z: 6.2703166}
  m_Children:
  - {fileID: 381225053}
  - {fileID: 1279318038}
  m_Father: {fileID: 1183860583}
  m_RootOrder: 16
--- !u!23 &825963622
MeshRenderer:
  m_ObjectHideFlags: 0
  m_PrefabParentObject: {fileID: 2343674, guid: a4d020d60b18649af92bb2a05e00d513,
    type: 2}
  m_PrefabInternal: {fileID: 36668805}
  m_GameObject: {fileID: 825963620}
  m_Enabled: 1
  m_CastShadows: 1
  m_ReceiveShadows: 1
  m_Materials:
  - {fileID: 2100000, guid: 413befd66bdd84d569871d0524b4685a, type: 2}
  m_SubsetIndices: 
  m_StaticBatchRoot: {fileID: 0}
  m_UseLightProbes: 0
  m_ReflectionProbeUsage: 1
  m_ProbeAnchor: {fileID: 0}
  m_ScaleInLightmap: 1
  m_PreserveUVs: 0
  m_IgnoreNormalsForChartDetection: 0
  m_ImportantGI: 0
  m_MinimumChartSize: 4
  m_AutoUVMaxDistance: 0.5
  m_AutoUVMaxAngle: 89
  m_LightmapParameters: {fileID: 0}
  m_SortingLayerID: 0
  m_SortingOrder: 0
--- !u!135 &825963623
SphereCollider:
  m_ObjectHideFlags: 0
  m_PrefabParentObject: {fileID: 13543674, guid: a4d020d60b18649af92bb2a05e00d513,
    type: 2}
  m_PrefabInternal: {fileID: 36668805}
  m_GameObject: {fileID: 825963620}
  m_Material: {fileID: 0}
  m_IsTrigger: 0
  m_Enabled: 1
  serializedVersion: 2
  m_Radius: 0.5
  m_Center: {x: 0, y: 0, z: 0}
--- !u!33 &825963624
MeshFilter:
  m_ObjectHideFlags: 0
  m_PrefabParentObject: {fileID: 3343674, guid: a4d020d60b18649af92bb2a05e00d513,
    type: 2}
  m_PrefabInternal: {fileID: 36668805}
  m_GameObject: {fileID: 825963620}
  m_Mesh: {fileID: 10207, guid: 0000000000000000e000000000000000, type: 0}
--- !u!1 &834520391
GameObject:
  m_ObjectHideFlags: 0
  m_PrefabParentObject: {fileID: 118418, guid: a4d020d60b18649af92bb2a05e00d513, type: 2}
  m_PrefabInternal: {fileID: 36668805}
  serializedVersion: 4
  m_Component:
  - 224: {fileID: 834520392}
  - 222: {fileID: 834520394}
  - 114: {fileID: 834520393}
  m_Layer: 5
  m_Name: AllSkyLogo
  m_TagString: Untagged
  m_Icon: {fileID: 0}
  m_NavMeshLayer: 0
  m_StaticEditorFlags: 0
  m_IsActive: 1
--- !u!224 &834520392
RectTransform:
  m_ObjectHideFlags: 0
  m_PrefabParentObject: {fileID: 22418418, guid: a4d020d60b18649af92bb2a05e00d513,
    type: 2}
  m_PrefabInternal: {fileID: 36668805}
  m_GameObject: {fileID: 834520391}
  m_LocalRotation: {x: 0, y: 0, z: 0, w: 1}
  m_LocalPosition: {x: 0, y: 0, z: 0}
  m_LocalScale: {x: 2, y: 1, z: 1}
  m_Children: []
  m_Father: {fileID: 1924791449}
  m_RootOrder: 3
  m_AnchorMin: {x: 0, y: 0}
  m_AnchorMax: {x: 0, y: 0}
  m_AnchoredPosition: {x: 99.4, y: 44.6}
  m_SizeDelta: {x: 100, y: 100}
  m_Pivot: {x: 0.5, y: 0.5}
--- !u!114 &834520393
MonoBehaviour:
  m_ObjectHideFlags: 0
  m_PrefabParentObject: {fileID: 11418418, guid: a4d020d60b18649af92bb2a05e00d513,
    type: 2}
  m_PrefabInternal: {fileID: 36668805}
  m_GameObject: {fileID: 834520391}
  m_Enabled: 1
  m_EditorHideFlags: 0
  m_Script: {fileID: -765806418, guid: f5f67c52d1564df4a8936ccd202a3bd8, type: 3}
  m_Name: 
  m_EditorClassIdentifier: 
  m_Material: {fileID: 2100000, guid: aa556f6275fc744de969c712a17350e7, type: 2}
  m_Color: {r: 1, g: 1, b: 1, a: 1}
  m_RaycastTarget: 1
  m_OnCullStateChanged:
    m_PersistentCalls:
      m_Calls: []
    m_TypeName: UnityEngine.UI.MaskableGraphic+CullStateChangedEvent, UnityEngine.UI,
      Version=1.0.0.0, Culture=neutral, PublicKeyToken=null
  m_Sprite: {fileID: 21300000, guid: a5075efb0c5504a389b38cf795aabf4c, type: 3}
  m_Type: 0
  m_PreserveAspect: 0
  m_FillCenter: 1
  m_FillMethod: 4
  m_FillAmount: 1
  m_FillClockwise: 1
  m_FillOrigin: 0
--- !u!222 &834520394
CanvasRenderer:
  m_ObjectHideFlags: 0
  m_PrefabParentObject: {fileID: 22218418, guid: a4d020d60b18649af92bb2a05e00d513,
    type: 2}
  m_PrefabInternal: {fileID: 36668805}
  m_GameObject: {fileID: 834520391}
--- !u!1 &840636167
GameObject:
  m_ObjectHideFlags: 0
  m_PrefabParentObject: {fileID: 137552, guid: a4d020d60b18649af92bb2a05e00d513, type: 2}
  m_PrefabInternal: {fileID: 36668805}
  serializedVersion: 4
  m_Component:
  - 224: {fileID: 840636168}
  - 222: {fileID: 840636170}
  - 114: {fileID: 840636169}
  m_Layer: 5
  m_Name: Text_SkyRes
  m_TagString: Untagged
  m_Icon: {fileID: 0}
  m_NavMeshLayer: 0
  m_StaticEditorFlags: 0
  m_IsActive: 1
--- !u!224 &840636168
RectTransform:
  m_ObjectHideFlags: 0
  m_PrefabParentObject: {fileID: 22483558, guid: a4d020d60b18649af92bb2a05e00d513,
    type: 2}
  m_PrefabInternal: {fileID: 36668805}
  m_GameObject: {fileID: 840636167}
  m_LocalRotation: {x: 0, y: 0.00000041723246, z: 0, w: 1}
  m_LocalPosition: {x: 0, y: 0, z: -0.00018717097}
  m_LocalScale: {x: 1, y: 1, z: 1}
  m_Children: []
  m_Father: {fileID: 1924791449}
  m_RootOrder: 1
  m_AnchorMin: {x: 1, y: 0}
  m_AnchorMax: {x: 1, y: 0}
  m_AnchoredPosition: {x: -62.30005, y: -17.30011}
  m_SizeDelta: {x: 800, y: 83}
  m_Pivot: {x: 0.5, y: 0.5}
--- !u!114 &840636169
MonoBehaviour:
  m_ObjectHideFlags: 0
  m_PrefabParentObject: {fileID: 11486782, guid: a4d020d60b18649af92bb2a05e00d513,
    type: 2}
  m_PrefabInternal: {fileID: 36668805}
  m_GameObject: {fileID: 840636167}
  m_Enabled: 1
  m_EditorHideFlags: 0
  m_Script: {fileID: 708705254, guid: f5f67c52d1564df4a8936ccd202a3bd8, type: 3}
  m_Name: 
  m_EditorClassIdentifier: 
  m_Material: {fileID: 0}
  m_Color: {r: 1, g: 1, b: 1, a: 0.63529414}
  m_RaycastTarget: 1
  m_OnCullStateChanged:
    m_PersistentCalls:
      m_Calls: []
    m_TypeName: UnityEngine.UI.MaskableGraphic+CullStateChangedEvent, UnityEngine.UI,
      Version=1.0.0.0, Culture=neutral, PublicKeyToken=null
  m_FontData:
    m_Font: {fileID: 10102, guid: 0000000000000000e000000000000000, type: 0}
    m_FontSize: 14
    m_FontStyle: 0
    m_BestFit: 0
    m_MinSize: 10
    m_MaxSize: 40
    m_Alignment: 0
    m_AlignByGeometry: 0
    m_RichText: 1
    m_HorizontalOverflow: 0
    m_VerticalOverflow: 0
    m_LineSpacing: 1
  m_Text: "Sky resolution can be increased on texture inspector panel.\x03"
--- !u!222 &840636170
CanvasRenderer:
  m_ObjectHideFlags: 0
  m_PrefabParentObject: {fileID: 22275520, guid: a4d020d60b18649af92bb2a05e00d513,
    type: 2}
  m_PrefabInternal: {fileID: 36668805}
  m_GameObject: {fileID: 840636167}
--- !u!1 &876112577
GameObject:
  m_ObjectHideFlags: 0
  m_PrefabParentObject: {fileID: 101874, guid: a4d020d60b18649af92bb2a05e00d513, type: 2}
  m_PrefabInternal: {fileID: 36668805}
  serializedVersion: 4
  m_Component:
  - 4: {fileID: 876112578}
  - 33: {fileID: 876112581}
  - 23: {fileID: 876112580}
  - 95: {fileID: 876112579}
  m_Layer: 0
  m_Name: AllSky_DemoEnvironment_Light
  m_TagString: Untagged
  m_Icon: {fileID: 0}
  m_NavMeshLayer: 0
  m_StaticEditorFlags: 0
  m_IsActive: 1
--- !u!4 &876112578
Transform:
  m_ObjectHideFlags: 0
  m_PrefabParentObject: {fileID: 401874, guid: a4d020d60b18649af92bb2a05e00d513, type: 2}
  m_PrefabInternal: {fileID: 36668805}
  m_GameObject: {fileID: 876112577}
  m_LocalRotation: {x: -4.32978e-17, y: 0.7071067, z: 0.7071068, w: -4.3297806e-17}
  m_LocalPosition: {x: 15.59, y: 17.94, z: 51.57}
  m_LocalScale: {x: 1, y: 1, z: 1}
  m_Children: []
  m_Father: {fileID: 1183860583}
  m_RootOrder: 8
--- !u!95 &876112579
Animator:
  serializedVersion: 3
  m_ObjectHideFlags: 0
  m_PrefabParentObject: {fileID: 9501874, guid: a4d020d60b18649af92bb2a05e00d513,
    type: 2}
  m_PrefabInternal: {fileID: 36668805}
  m_GameObject: {fileID: 876112577}
  m_Enabled: 1
  m_Avatar: {fileID: 9000000, guid: a86608a16093647c082aa3ccf69d2558, type: 3}
  m_Controller: {fileID: 0}
  m_CullingMode: 0
  m_UpdateMode: 0
  m_ApplyRootMotion: 1
  m_LinearVelocityBlending: 0
  m_WarningMessage: 
  m_HasTransformHierarchy: 1
  m_AllowConstantClipSamplingOptimization: 1
--- !u!23 &876112580
MeshRenderer:
  m_ObjectHideFlags: 0
  m_PrefabParentObject: {fileID: 2301874, guid: a4d020d60b18649af92bb2a05e00d513,
    type: 2}
  m_PrefabInternal: {fileID: 36668805}
  m_GameObject: {fileID: 876112577}
  m_Enabled: 1
  m_CastShadows: 1
  m_ReceiveShadows: 1
  m_Materials:
  - {fileID: 2100000, guid: 05aa87d4636d34850a6f48daedd1b55c, type: 2}
  - {fileID: 2100000, guid: a7f9f8058b27648f4ba9ed54ced4ac00, type: 2}
  m_SubsetIndices: 
  m_StaticBatchRoot: {fileID: 0}
  m_UseLightProbes: 0
  m_ReflectionProbeUsage: 1
  m_ProbeAnchor: {fileID: 0}
  m_ScaleInLightmap: 1
  m_PreserveUVs: 0
  m_IgnoreNormalsForChartDetection: 0
  m_ImportantGI: 0
  m_MinimumChartSize: 4
  m_AutoUVMaxDistance: 0.5
  m_AutoUVMaxAngle: 89
  m_LightmapParameters: {fileID: 0}
  m_SortingLayerID: 0
  m_SortingOrder: 0
--- !u!33 &876112581
MeshFilter:
  m_ObjectHideFlags: 0
  m_PrefabParentObject: {fileID: 3301874, guid: a4d020d60b18649af92bb2a05e00d513,
    type: 2}
  m_PrefabInternal: {fileID: 36668805}
  m_GameObject: {fileID: 876112577}
  m_Mesh: {fileID: 4300000, guid: a86608a16093647c082aa3ccf69d2558, type: 3}
--- !u!1 &934684885
GameObject:
  m_ObjectHideFlags: 0
  m_PrefabParentObject: {fileID: 111524, guid: a4d020d60b18649af92bb2a05e00d513, type: 2}
  m_PrefabInternal: {fileID: 36668805}
  serializedVersion: 4
  m_Component:
  - 4: {fileID: 934684886}
  - 108: {fileID: 934684887}
  m_Layer: 0
  m_Name: Point light
  m_TagString: Untagged
  m_Icon: {fileID: 0}
  m_NavMeshLayer: 0
  m_StaticEditorFlags: 0
  m_IsActive: 1
--- !u!4 &934684886
Transform:
  m_ObjectHideFlags: 0
  m_PrefabParentObject: {fileID: 411524, guid: a4d020d60b18649af92bb2a05e00d513, type: 2}
  m_PrefabInternal: {fileID: 36668805}
  m_GameObject: {fileID: 934684885}
  m_LocalRotation: {x: 0, y: 0, z: 0, w: 1}
  m_LocalPosition: {x: 72.14, y: 18.34, z: -12}
  m_LocalScale: {x: 1, y: 1, z: 1}
  m_Children: []
  m_Father: {fileID: 1183860583}
  m_RootOrder: 7
--- !u!108 &934684887
Light:
  m_ObjectHideFlags: 0
  m_PrefabParentObject: {fileID: 10811524, guid: a4d020d60b18649af92bb2a05e00d513,
    type: 2}
  m_PrefabInternal: {fileID: 36668805}
  m_GameObject: {fileID: 934684885}
  m_Enabled: 1
  serializedVersion: 6
  m_Type: 2
  m_Color: {r: 1, g: 0.5939148, b: 0.33088237, a: 1}
  m_Intensity: 0.79774064
  m_Range: 69.46
  m_SpotAngle: 30
  m_CookieSize: 10
  m_Shadows:
    m_Type: 0
    m_Resolution: -1
    m_Strength: 1
    m_Bias: 0.05
    m_NormalBias: 0.4
    m_NearPlane: 0.2
  m_Cookie: {fileID: 0}
  m_DrawHalo: 0
  m_Flare: {fileID: 0}
  m_RenderMode: 0
  m_CullingMask:
    serializedVersion: 2
    m_Bits: 4294967295
  m_Lightmapping: 1
  m_BounceIntensity: 1
  m_ShadowRadius: 0
  m_ShadowAngle: 0
  m_AreaSize: {x: 1, y: 1}
--- !u!1 &966292571
GameObject:
  m_ObjectHideFlags: 0
  m_PrefabParentObject: {fileID: 109848, guid: a4d020d60b18649af92bb2a05e00d513, type: 2}
  m_PrefabInternal: {fileID: 36668805}
  serializedVersion: 4
  m_Component:
  - 4: {fileID: 966292572}
  - 108: {fileID: 966292573}
  m_Layer: 0
  m_Name: Point light
  m_TagString: Untagged
  m_Icon: {fileID: 0}
  m_NavMeshLayer: 0
  m_StaticEditorFlags: 0
  m_IsActive: 1
--- !u!4 &966292572
Transform:
  m_ObjectHideFlags: 0
  m_PrefabParentObject: {fileID: 409848, guid: a4d020d60b18649af92bb2a05e00d513, type: 2}
  m_PrefabInternal: {fileID: 36668805}
  m_GameObject: {fileID: 966292571}
  m_LocalRotation: {x: 0, y: 0, z: 0, w: 1}
  m_LocalPosition: {x: -69.92, y: 17.68, z: 14.58}
  m_LocalScale: {x: 1, y: 1, z: 1}
  m_Children: []
  m_Father: {fileID: 1183860583}
  m_RootOrder: 15
--- !u!108 &966292573
Light:
  m_ObjectHideFlags: 0
  m_PrefabParentObject: {fileID: 10809848, guid: a4d020d60b18649af92bb2a05e00d513,
    type: 2}
  m_PrefabInternal: {fileID: 36668805}
  m_GameObject: {fileID: 966292571}
  m_Enabled: 1
  serializedVersion: 6
  m_Type: 2
  m_Color: {r: 1, g: 0.5939148, b: 0.33088237, a: 1}
  m_Intensity: 0.79774064
  m_Range: 69.46
  m_SpotAngle: 30
  m_CookieSize: 10
  m_Shadows:
    m_Type: 0
    m_Resolution: -1
    m_Strength: 1
    m_Bias: 0.05
    m_NormalBias: 0.4
    m_NearPlane: 0.2
  m_Cookie: {fileID: 0}
  m_DrawHalo: 0
  m_Flare: {fileID: 0}
  m_RenderMode: 0
  m_CullingMask:
    serializedVersion: 2
    m_Bits: 4294967295
  m_Lightmapping: 1
  m_BounceIntensity: 1
  m_ShadowRadius: 0
  m_ShadowAngle: 0
  m_AreaSize: {x: 1, y: 1}
--- !u!1 &975909368
GameObject:
  m_ObjectHideFlags: 0
  m_PrefabParentObject: {fileID: 111520, guid: a4d020d60b18649af92bb2a05e00d513, type: 2}
  m_PrefabInternal: {fileID: 36668805}
  serializedVersion: 4
  m_Component:
  - 4: {fileID: 975909369}
  - 108: {fileID: 975909370}
  m_Layer: 0
  m_Name: Point light
  m_TagString: Untagged
  m_Icon: {fileID: 0}
  m_NavMeshLayer: 0
  m_StaticEditorFlags: 0
  m_IsActive: 1
--- !u!4 &975909369
Transform:
  m_ObjectHideFlags: 0
  m_PrefabParentObject: {fileID: 411520, guid: a4d020d60b18649af92bb2a05e00d513, type: 2}
  m_PrefabInternal: {fileID: 36668805}
  m_GameObject: {fileID: 975909368}
  m_LocalRotation: {x: 0, y: 0, z: 0, w: 1}
  m_LocalPosition: {x: -4.31, y: 20.03, z: -65.59}
  m_LocalScale: {x: 1, y: 1, z: 1}
  m_Children: []
  m_Father: {fileID: 1183860583}
  m_RootOrder: 6
--- !u!108 &975909370
Light:
  m_ObjectHideFlags: 0
  m_PrefabParentObject: {fileID: 10811522, guid: a4d020d60b18649af92bb2a05e00d513,
    type: 2}
  m_PrefabInternal: {fileID: 36668805}
  m_GameObject: {fileID: 975909368}
  m_Enabled: 1
  serializedVersion: 6
  m_Type: 2
  m_Color: {r: 1, g: 0.5939148, b: 0.33088237, a: 1}
  m_Intensity: 0.79774064
  m_Range: 69.46
  m_SpotAngle: 30
  m_CookieSize: 10
  m_Shadows:
    m_Type: 0
    m_Resolution: -1
    m_Strength: 1
    m_Bias: 0.05
    m_NormalBias: 0.4
    m_NearPlane: 0.2
  m_Cookie: {fileID: 0}
  m_DrawHalo: 0
  m_Flare: {fileID: 0}
  m_RenderMode: 0
  m_CullingMask:
    serializedVersion: 2
    m_Bits: 4294967295
  m_Lightmapping: 1
  m_BounceIntensity: 1
  m_ShadowRadius: 0
  m_ShadowAngle: 0
  m_AreaSize: {x: 1, y: 1}
--- !u!1 &977134071
GameObject:
  m_ObjectHideFlags: 0
  m_PrefabParentObject: {fileID: 172400, guid: a4d020d60b18649af92bb2a05e00d513, type: 2}
  m_PrefabInternal: {fileID: 36668805}
  serializedVersion: 4
  m_Component:
  - 4: {fileID: 977134072}
  - 33: {fileID: 977134075}
  - 23: {fileID: 977134074}
  - 64: {fileID: 977134073}
  m_Layer: 0
  m_Name: AllSky_DemoEnvironment_Center
  m_TagString: Untagged
  m_Icon: {fileID: 0}
  m_NavMeshLayer: 0
  m_StaticEditorFlags: 0
  m_IsActive: 1
--- !u!4 &977134072
Transform:
  m_ObjectHideFlags: 0
  m_PrefabParentObject: {fileID: 472400, guid: a4d020d60b18649af92bb2a05e00d513, type: 2}
  m_PrefabInternal: {fileID: 36668805}
  m_GameObject: {fileID: 977134071}
  m_LocalRotation: {x: 0, y: 0.7071068, z: 0.7071068, w: 0}
  m_LocalPosition: {x: 0, y: 0, z: 0}
  m_LocalScale: {x: 1, y: 1, z: 1}
  m_Children: []
  m_Father: {fileID: 1183860583}
  m_RootOrder: 0
--- !u!64 &977134073
MeshCollider:
  m_ObjectHideFlags: 0
  m_PrefabParentObject: {fileID: 6401868, guid: a4d020d60b18649af92bb2a05e00d513,
    type: 2}
  m_PrefabInternal: {fileID: 36668805}
  m_GameObject: {fileID: 977134071}
  m_Material: {fileID: 0}
  m_IsTrigger: 0
  m_Enabled: 1
  serializedVersion: 2
  m_Convex: 0
  m_Mesh: {fileID: 4300000, guid: 6f81d87fbcb2648b0835af8c7c1cd3fb, type: 3}
--- !u!23 &977134074
MeshRenderer:
  m_ObjectHideFlags: 0
  m_PrefabParentObject: {fileID: 2372400, guid: a4d020d60b18649af92bb2a05e00d513,
    type: 2}
  m_PrefabInternal: {fileID: 36668805}
  m_GameObject: {fileID: 977134071}
  m_Enabled: 1
  m_CastShadows: 1
  m_ReceiveShadows: 1
  m_Materials:
  - {fileID: 2100000, guid: 179503e6ea7a5414da971761ed8ad6a1, type: 2}
  - {fileID: 2100000, guid: 2e6761ef29bab414093fbcc3d8b98559, type: 2}
  - {fileID: 2100000, guid: 13177a7929fc94508aeae20a9a650440, type: 2}
  - {fileID: 2100000, guid: eba7c646abc914766b797ce6e6b6aef8, type: 2}
  - {fileID: 2100000, guid: e647ded4fdda54d5c82ce352c1b0be01, type: 2}
  - {fileID: 2100000, guid: fbc2e1c016c544198be90cefecf38f0f, type: 2}
  - {fileID: 2100000, guid: 174e7977166824bf49a2c2f4b54fd066, type: 2}
  - {fileID: 2100000, guid: 6e219c5ff336949179da2590886e94eb, type: 2}
  - {fileID: 2100000, guid: 3386ea1f916284d438a5d95882e39fd6, type: 2}
  - {fileID: 2100000, guid: 5f35d0bb3bb3e45048ec76b0a3157c01, type: 2}
  m_SubsetIndices: 
  m_StaticBatchRoot: {fileID: 0}
  m_UseLightProbes: 0
  m_ReflectionProbeUsage: 1
  m_ProbeAnchor: {fileID: 0}
  m_ScaleInLightmap: 1
  m_PreserveUVs: 0
  m_IgnoreNormalsForChartDetection: 0
  m_ImportantGI: 0
  m_MinimumChartSize: 4
  m_AutoUVMaxDistance: 0.5
  m_AutoUVMaxAngle: 89
  m_LightmapParameters: {fileID: 0}
  m_SortingLayerID: 0
  m_SortingOrder: 0
--- !u!33 &977134075
MeshFilter:
  m_ObjectHideFlags: 0
  m_PrefabParentObject: {fileID: 3372400, guid: a4d020d60b18649af92bb2a05e00d513,
    type: 2}
  m_PrefabInternal: {fileID: 36668805}
  m_GameObject: {fileID: 977134071}
  m_Mesh: {fileID: 4300000, guid: 6f81d87fbcb2648b0835af8c7c1cd3fb, type: 3}
--- !u!1 &1070041418
GameObject:
  m_ObjectHideFlags: 0
  m_PrefabParentObject: {fileID: 101868, guid: a4d020d60b18649af92bb2a05e00d513, type: 2}
  m_PrefabInternal: {fileID: 36668805}
  serializedVersion: 4
  m_Component:
  - 4: {fileID: 1070041419}
  - 33: {fileID: 1070041422}
  - 23: {fileID: 1070041421}
  - 95: {fileID: 1070041420}
  m_Layer: 0
  m_Name: AllSky_DemoEnvironment_Light
  m_TagString: Untagged
  m_Icon: {fileID: 0}
  m_NavMeshLayer: 0
  m_StaticEditorFlags: 0
  m_IsActive: 1
--- !u!4 &1070041419
Transform:
  m_ObjectHideFlags: 0
  m_PrefabParentObject: {fileID: 401868, guid: a4d020d60b18649af92bb2a05e00d513, type: 2}
  m_PrefabInternal: {fileID: 36668805}
  m_GameObject: {fileID: 1070041418}
  m_LocalRotation: {x: 0, y: 0.7071068, z: 0.7071068, w: 0}
  m_LocalPosition: {x: -1.26, y: 17.94, z: -65.51}
  m_LocalScale: {x: 1, y: 1, z: 1}
  m_Children: []
  m_Father: {fileID: 1183860583}
  m_RootOrder: 11
--- !u!95 &1070041420
Animator:
  serializedVersion: 3
  m_ObjectHideFlags: 0
  m_PrefabParentObject: {fileID: 9501868, guid: a4d020d60b18649af92bb2a05e00d513,
    type: 2}
  m_PrefabInternal: {fileID: 36668805}
  m_GameObject: {fileID: 1070041418}
  m_Enabled: 1
  m_Avatar: {fileID: 9000000, guid: a86608a16093647c082aa3ccf69d2558, type: 3}
  m_Controller: {fileID: 0}
  m_CullingMode: 0
  m_UpdateMode: 0
  m_ApplyRootMotion: 1
  m_LinearVelocityBlending: 0
  m_WarningMessage: 
  m_HasTransformHierarchy: 1
  m_AllowConstantClipSamplingOptimization: 1
--- !u!23 &1070041421
MeshRenderer:
  m_ObjectHideFlags: 0
  m_PrefabParentObject: {fileID: 2301868, guid: a4d020d60b18649af92bb2a05e00d513,
    type: 2}
  m_PrefabInternal: {fileID: 36668805}
  m_GameObject: {fileID: 1070041418}
  m_Enabled: 1
  m_CastShadows: 1
  m_ReceiveShadows: 1
  m_Materials:
  - {fileID: 2100000, guid: 05aa87d4636d34850a6f48daedd1b55c, type: 2}
  - {fileID: 2100000, guid: a7f9f8058b27648f4ba9ed54ced4ac00, type: 2}
  m_SubsetIndices: 
  m_StaticBatchRoot: {fileID: 0}
  m_UseLightProbes: 0
  m_ReflectionProbeUsage: 1
  m_ProbeAnchor: {fileID: 0}
  m_ScaleInLightmap: 1
  m_PreserveUVs: 0
  m_IgnoreNormalsForChartDetection: 0
  m_ImportantGI: 0
  m_MinimumChartSize: 4
  m_AutoUVMaxDistance: 0.5
  m_AutoUVMaxAngle: 89
  m_LightmapParameters: {fileID: 0}
  m_SortingLayerID: 0
  m_SortingOrder: 0
--- !u!33 &1070041422
MeshFilter:
  m_ObjectHideFlags: 0
  m_PrefabParentObject: {fileID: 3301868, guid: a4d020d60b18649af92bb2a05e00d513,
    type: 2}
  m_PrefabInternal: {fileID: 36668805}
  m_GameObject: {fileID: 1070041418}
  m_Mesh: {fileID: 4300000, guid: a86608a16093647c082aa3ccf69d2558, type: 3}
--- !u!1 &1166481165
GameObject:
  m_ObjectHideFlags: 0
  m_PrefabParentObject: {fileID: 188586, guid: a4d020d60b18649af92bb2a05e00d513, type: 2}
  m_PrefabInternal: {fileID: 36668805}
  serializedVersion: 4
  m_Component:
  - 4: {fileID: 1166481166}
  - 108: {fileID: 1166481167}
  m_Layer: 0
  m_Name: Point light
  m_TagString: Untagged
  m_Icon: {fileID: 0}
  m_NavMeshLayer: 0
  m_StaticEditorFlags: 0
  m_IsActive: 1
--- !u!4 &1166481166
Transform:
  m_ObjectHideFlags: 0
  m_PrefabParentObject: {fileID: 488586, guid: a4d020d60b18649af92bb2a05e00d513, type: 2}
  m_PrefabInternal: {fileID: 36668805}
  m_GameObject: {fileID: 1166481165}
  m_LocalRotation: {x: 0, y: 0, z: 0, w: 1}
  m_LocalPosition: {x: -4.31, y: 20.03, z: -65.59}
  m_LocalScale: {x: 1, y: 1, z: 1}
  m_Children: []
  m_Father: {fileID: 1183860583}
  m_RootOrder: 12
--- !u!108 &1166481167
Light:
  m_ObjectHideFlags: 0
  m_PrefabParentObject: {fileID: 10888586, guid: a4d020d60b18649af92bb2a05e00d513,
    type: 2}
  m_PrefabInternal: {fileID: 36668805}
  m_GameObject: {fileID: 1166481165}
  m_Enabled: 1
  serializedVersion: 6
  m_Type: 2
  m_Color: {r: 1, g: 0.5939148, b: 0.33088237, a: 1}
  m_Intensity: 0.79774064
  m_Range: 69.46
  m_SpotAngle: 30
  m_CookieSize: 10
  m_Shadows:
    m_Type: 0
    m_Resolution: -1
    m_Strength: 1
    m_Bias: 0.05
    m_NormalBias: 0.4
    m_NearPlane: 0.2
  m_Cookie: {fileID: 0}
  m_DrawHalo: 0
  m_Flare: {fileID: 0}
  m_RenderMode: 0
  m_CullingMask:
    serializedVersion: 2
    m_Bits: 4294967295
  m_Lightmapping: 1
  m_BounceIntensity: 1
  m_ShadowRadius: 0
  m_ShadowAngle: 0
  m_AreaSize: {x: 1, y: 1}
--- !u!1 &1183860582
GameObject:
  m_ObjectHideFlags: 0
  m_PrefabParentObject: {fileID: 159908, guid: a4d020d60b18649af92bb2a05e00d513, type: 2}
  m_PrefabInternal: {fileID: 36668805}
  serializedVersion: 4
  m_Component:
  - 4: {fileID: 1183860583}
  m_Layer: 0
  m_Name: AllSkyDemoEnvironment_Unity4
  m_TagString: Untagged
  m_Icon: {fileID: 0}
  m_NavMeshLayer: 0
  m_StaticEditorFlags: 0
  m_IsActive: 1
--- !u!4 &1183860583
Transform:
  m_ObjectHideFlags: 0
  m_PrefabParentObject: {fileID: 459908, guid: a4d020d60b18649af92bb2a05e00d513, type: 2}
  m_PrefabInternal: {fileID: 36668805}
  m_GameObject: {fileID: 1183860582}
  m_LocalRotation: {x: 0, y: 0, z: 0, w: 1}
  m_LocalPosition: {x: -0, y: 0, z: 0}
  m_LocalScale: {x: 1, y: 1, z: 1}
  m_Children:
  - {fileID: 977134072}
  - {fileID: 813510282}
  - {fileID: 573779207}
  - {fileID: 1396335080}
  - {fileID: 1439435532}
  - {fileID: 584389619}
  - {fileID: 975909369}
  - {fileID: 934684886}
  - {fileID: 876112578}
  - {fileID: 1232745373}
  - {fileID: 1483390789}
  - {fileID: 1070041419}
  - {fileID: 1166481166}
  - {fileID: 762814164}
  - {fileID: 1934791438}
  - {fileID: 966292572}
  - {fileID: 825963621}
  - {fileID: 772068838}
  - {fileID: 1423367711}
  - {fileID: 1924791449}
  m_Father: {fileID: 0}
  m_RootOrder: 1
--- !u!1 &1192864539
GameObject:
  m_ObjectHideFlags: 0
  m_PrefabParentObject: {fileID: 0}
  m_PrefabInternal: {fileID: 0}
  serializedVersion: 4
  m_Component:
  - 4: {fileID: 1192864541}
  - 108: {fileID: 1192864540}
  m_Layer: 0
  m_Name: Directional light
  m_TagString: Untagged
  m_Icon: {fileID: 0}
  m_NavMeshLayer: 0
  m_StaticEditorFlags: 0
  m_IsActive: 1
--- !u!108 &1192864540
Light:
  m_ObjectHideFlags: 0
  m_PrefabParentObject: {fileID: 0}
  m_PrefabInternal: {fileID: 0}
  m_GameObject: {fileID: 1192864539}
  m_Enabled: 1
  serializedVersion: 6
  m_Type: 1
  m_Color: {r: 0.58431375, g: 0.5700035, b: 0.49723953, a: 1}
  m_Intensity: 1
  m_Range: 10
  m_SpotAngle: 30
  m_CookieSize: 10
  m_Shadows:
    m_Type: 1
    m_Resolution: -1
    m_Strength: 1
    m_Bias: 2
    m_NormalBias: 1.52
    m_NearPlane: 0.2
  m_Cookie: {fileID: 0}
  m_DrawHalo: 0
  m_Flare: {fileID: 0}
  m_RenderMode: 0
  m_CullingMask:
    serializedVersion: 2
    m_Bits: 4294967295
  m_Lightmapping: 1
  m_BounceIntensity: 1
  m_ShadowRadius: 0
  m_ShadowAngle: 0
  m_AreaSize: {x: 1, y: 1}
--- !u!4 &1192864541
Transform:
  m_ObjectHideFlags: 0
  m_PrefabParentObject: {fileID: 0}
  m_PrefabInternal: {fileID: 0}
  m_GameObject: {fileID: 1192864539}
  m_LocalRotation: {x: 0.95117235, y: 0.034080528, z: -0.020244997, w: 0.30610442}
  m_LocalPosition: {x: 0.532, y: 5.679, z: 4.574}
  m_LocalScale: {x: 1, y: 1, z: 1}
  m_Children: []
  m_Father: {fileID: 0}
  m_RootOrder: 0
--- !u!1 &1216001388
GameObject:
  m_ObjectHideFlags: 0
  m_PrefabParentObject: {fileID: 124196, guid: a4d020d60b18649af92bb2a05e00d513, type: 2}
  m_PrefabInternal: {fileID: 36668805}
  serializedVersion: 4
  m_Component:
  - 4: {fileID: 1216001389}
  - 108: {fileID: 1216001390}
  m_Layer: 0
  m_Name: Point light
  m_TagString: Untagged
  m_Icon: {fileID: 0}
  m_NavMeshLayer: 0
  m_StaticEditorFlags: 0
  m_IsActive: 1
--- !u!4 &1216001389
Transform:
  m_ObjectHideFlags: 0
  m_PrefabParentObject: {fileID: 424196, guid: a4d020d60b18649af92bb2a05e00d513, type: 2}
  m_PrefabInternal: {fileID: 36668805}
  m_GameObject: {fileID: 1216001388}
  m_LocalRotation: {x: 0, y: 0, z: 0, w: 1}
  m_LocalPosition: {x: -0.11163661, y: 1.1386985, z: 0.038274024}
  m_LocalScale: {x: 0.15948157, y: 0.15948159, z: 0.15948159}
  m_Children: []
  m_Father: {fileID: 1423367711}
  m_RootOrder: 1
--- !u!108 &1216001390
Light:
  m_ObjectHideFlags: 0
  m_PrefabParentObject: {fileID: 10824192, guid: a4d020d60b18649af92bb2a05e00d513,
    type: 2}
  m_PrefabInternal: {fileID: 36668805}
  m_GameObject: {fileID: 1216001388}
  m_Enabled: 1
  serializedVersion: 6
  m_Type: 2
  m_Color: {r: 0.9632353, g: 0.17936105, b: 0, a: 1}
  m_Intensity: 0.84
  m_Range: 288.7775
  m_SpotAngle: 30
  m_CookieSize: 10
  m_Shadows:
    m_Type: 0
    m_Resolution: -1
    m_Strength: 1
    m_Bias: 0.05
    m_NormalBias: 0.4
    m_NearPlane: 0.2
  m_Cookie: {fileID: 0}
  m_DrawHalo: 0
  m_Flare: {fileID: 0}
  m_RenderMode: 0
  m_CullingMask:
    serializedVersion: 2
    m_Bits: 4294967295
  m_Lightmapping: 1
  m_BounceIntensity: 1
  m_ShadowRadius: 0
  m_ShadowAngle: 0
  m_AreaSize: {x: 1, y: 1}
--- !u!1 &1232745372
GameObject:
  m_ObjectHideFlags: 0
  m_PrefabParentObject: {fileID: 101872, guid: a4d020d60b18649af92bb2a05e00d513, type: 2}
  m_PrefabInternal: {fileID: 36668805}
  serializedVersion: 4
  m_Component:
  - 4: {fileID: 1232745373}
  - 33: {fileID: 1232745376}
  - 23: {fileID: 1232745375}
  - 95: {fileID: 1232745374}
  m_Layer: 0
  m_Name: AllSky_DemoEnvironment_Light
  m_TagString: Untagged
  m_Icon: {fileID: 0}
  m_NavMeshLayer: 0
  m_StaticEditorFlags: 0
  m_IsActive: 1
--- !u!4 &1232745373
Transform:
  m_ObjectHideFlags: 0
  m_PrefabParentObject: {fileID: 401872, guid: a4d020d60b18649af92bb2a05e00d513, type: 2}
  m_PrefabInternal: {fileID: 36668805}
  m_GameObject: {fileID: 1232745372}
  m_LocalRotation: {x: -0.70356476, y: 0.07068687, z: 0.070686854, w: 0.70356476}
  m_LocalPosition: {x: 5.1, y: 18.93, z: 66.29}
  m_LocalScale: {x: 1, y: 1, z: 1}
  m_Children: []
  m_Father: {fileID: 1183860583}
  m_RootOrder: 9
--- !u!95 &1232745374
Animator:
  serializedVersion: 3
  m_ObjectHideFlags: 0
  m_PrefabParentObject: {fileID: 9501872, guid: a4d020d60b18649af92bb2a05e00d513,
    type: 2}
  m_PrefabInternal: {fileID: 36668805}
  m_GameObject: {fileID: 1232745372}
  m_Enabled: 1
  m_Avatar: {fileID: 9000000, guid: a86608a16093647c082aa3ccf69d2558, type: 3}
  m_Controller: {fileID: 0}
  m_CullingMode: 0
  m_UpdateMode: 0
  m_ApplyRootMotion: 1
  m_LinearVelocityBlending: 0
  m_WarningMessage: 
  m_HasTransformHierarchy: 1
  m_AllowConstantClipSamplingOptimization: 1
--- !u!23 &1232745375
MeshRenderer:
  m_ObjectHideFlags: 0
  m_PrefabParentObject: {fileID: 2301872, guid: a4d020d60b18649af92bb2a05e00d513,
    type: 2}
  m_PrefabInternal: {fileID: 36668805}
  m_GameObject: {fileID: 1232745372}
  m_Enabled: 1
  m_CastShadows: 1
  m_ReceiveShadows: 1
  m_Materials:
  - {fileID: 2100000, guid: 05aa87d4636d34850a6f48daedd1b55c, type: 2}
  - {fileID: 2100000, guid: a7f9f8058b27648f4ba9ed54ced4ac00, type: 2}
  m_SubsetIndices: 
  m_StaticBatchRoot: {fileID: 0}
  m_UseLightProbes: 0
  m_ReflectionProbeUsage: 1
  m_ProbeAnchor: {fileID: 0}
  m_ScaleInLightmap: 1
  m_PreserveUVs: 0
  m_IgnoreNormalsForChartDetection: 0
  m_ImportantGI: 0
  m_MinimumChartSize: 4
  m_AutoUVMaxDistance: 0.5
  m_AutoUVMaxAngle: 89
  m_LightmapParameters: {fileID: 0}
  m_SortingLayerID: 0
  m_SortingOrder: 0
--- !u!33 &1232745376
MeshFilter:
  m_ObjectHideFlags: 0
  m_PrefabParentObject: {fileID: 3301872, guid: a4d020d60b18649af92bb2a05e00d513,
    type: 2}
  m_PrefabInternal: {fileID: 36668805}
  m_GameObject: {fileID: 1232745372}
  m_Mesh: {fileID: 4300000, guid: a86608a16093647c082aa3ccf69d2558, type: 3}
--- !u!1 &1279318037
GameObject:
  m_ObjectHideFlags: 0
  m_PrefabParentObject: {fileID: 143670, guid: a4d020d60b18649af92bb2a05e00d513, type: 2}
  m_PrefabInternal: {fileID: 36668805}
  serializedVersion: 4
  m_Component:
  - 4: {fileID: 1279318038}
  - 108: {fileID: 1279318039}
  m_Layer: 0
  m_Name: Point light
  m_TagString: Untagged
  m_Icon: {fileID: 0}
  m_NavMeshLayer: 0
  m_StaticEditorFlags: 0
  m_IsActive: 1
--- !u!4 &1279318038
Transform:
  m_ObjectHideFlags: 0
  m_PrefabParentObject: {fileID: 443670, guid: a4d020d60b18649af92bb2a05e00d513, type: 2}
  m_PrefabInternal: {fileID: 36668805}
  m_GameObject: {fileID: 1279318037}
  m_LocalRotation: {x: 0, y: 0, z: 0, w: 1}
  m_LocalPosition: {x: -0.11163661, y: 1.1386985, z: 0.038274024}
  m_LocalScale: {x: 0.15948157, y: 0.15948159, z: 0.15948159}
  m_Children: []
  m_Father: {fileID: 825963621}
  m_RootOrder: 1
--- !u!108 &1279318039
Light:
  m_ObjectHideFlags: 0
  m_PrefabParentObject: {fileID: 10843674, guid: a4d020d60b18649af92bb2a05e00d513,
    type: 2}
  m_PrefabInternal: {fileID: 36668805}
  m_GameObject: {fileID: 1279318037}
  m_Enabled: 1
  serializedVersion: 6
  m_Type: 2
  m_Color: {r: 0.9632353, g: 0.17936105, b: 0, a: 1}
  m_Intensity: 0.84
  m_Range: 288.7775
  m_SpotAngle: 30
  m_CookieSize: 10
  m_Shadows:
    m_Type: 0
    m_Resolution: -1
    m_Strength: 1
    m_Bias: 0.05
    m_NormalBias: 0.4
    m_NearPlane: 0.2
  m_Cookie: {fileID: 0}
  m_DrawHalo: 0
  m_Flare: {fileID: 0}
  m_RenderMode: 0
  m_CullingMask:
    serializedVersion: 2
    m_Bits: 4294967295
  m_Lightmapping: 1
  m_BounceIntensity: 1
  m_ShadowRadius: 0
  m_ShadowAngle: 0
  m_AreaSize: {x: 1, y: 1}
--- !u!1 &1396335079
GameObject:
  m_ObjectHideFlags: 0
  m_PrefabParentObject: {fileID: 109850, guid: a4d020d60b18649af92bb2a05e00d513, type: 2}
  m_PrefabInternal: {fileID: 36668805}
  serializedVersion: 4
  m_Component:
  - 4: {fileID: 1396335080}
  - 108: {fileID: 1396335081}
  m_Layer: 0
  m_Name: Point light
  m_TagString: Untagged
  m_Icon: {fileID: 0}
  m_NavMeshLayer: 0
  m_StaticEditorFlags: 0
  m_IsActive: 1
--- !u!4 &1396335080
Transform:
  m_ObjectHideFlags: 0
  m_PrefabParentObject: {fileID: 409850, guid: a4d020d60b18649af92bb2a05e00d513, type: 2}
  m_PrefabInternal: {fileID: 36668805}
  m_GameObject: {fileID: 1396335079}
  m_LocalRotation: {x: 0, y: 0, z: 0, w: 1}
  m_LocalPosition: {x: 13.9, y: 18.2, z: 69.6}
  m_LocalScale: {x: 1, y: 1, z: 1}
  m_Children: []
  m_Father: {fileID: 1183860583}
  m_RootOrder: 3
--- !u!108 &1396335081
Light:
  m_ObjectHideFlags: 0
  m_PrefabParentObject: {fileID: 10809850, guid: a4d020d60b18649af92bb2a05e00d513,
    type: 2}
  m_PrefabInternal: {fileID: 36668805}
  m_GameObject: {fileID: 1396335079}
  m_Enabled: 1
  serializedVersion: 6
  m_Type: 2
  m_Color: {r: 1, g: 0.5939148, b: 0.33088237, a: 1}
  m_Intensity: 0.79774064
  m_Range: 69.46
  m_SpotAngle: 30
  m_CookieSize: 10
  m_Shadows:
    m_Type: 0
    m_Resolution: -1
    m_Strength: 1
    m_Bias: 0.05
    m_NormalBias: 0.4
    m_NearPlane: 0.2
  m_Cookie: {fileID: 0}
  m_DrawHalo: 0
  m_Flare: {fileID: 0}
  m_RenderMode: 0
  m_CullingMask:
    serializedVersion: 2
    m_Bits: 4294967295
  m_Lightmapping: 1
  m_BounceIntensity: 1
  m_ShadowRadius: 0
  m_ShadowAngle: 0
  m_AreaSize: {x: 1, y: 1}
--- !u!1 &1423367710
GameObject:
  m_ObjectHideFlags: 0
  m_PrefabParentObject: {fileID: 124194, guid: a4d020d60b18649af92bb2a05e00d513, type: 2}
  m_PrefabInternal: {fileID: 36668805}
  serializedVersion: 4
  m_Component:
  - 4: {fileID: 1423367711}
  - 33: {fileID: 1423367714}
  - 135: {fileID: 1423367713}
  - 23: {fileID: 1423367712}
  m_Layer: 0
  m_Name: MountainGlowObject
  m_TagString: Untagged
  m_Icon: {fileID: 0}
  m_NavMeshLayer: 0
  m_StaticEditorFlags: 0
  m_IsActive: 1
--- !u!4 &1423367711
Transform:
  m_ObjectHideFlags: 0
  m_PrefabParentObject: {fileID: 424194, guid: a4d020d60b18649af92bb2a05e00d513, type: 2}
  m_PrefabInternal: {fileID: 36668805}
  m_GameObject: {fileID: 1423367710}
  m_LocalRotation: {x: 0, y: 0, z: 0, w: 1}
  m_LocalPosition: {x: 257.05, y: 256.72, z: 710.12}
  m_LocalScale: {x: 9.1256075, y: 9.125607, z: 9.125607}
  m_Children:
  - {fileID: 1773576845}
  - {fileID: 1216001389}
  m_Father: {fileID: 1183860583}
  m_RootOrder: 18
--- !u!23 &1423367712
MeshRenderer:
  m_ObjectHideFlags: 0
  m_PrefabParentObject: {fileID: 2324192, guid: a4d020d60b18649af92bb2a05e00d513,
    type: 2}
  m_PrefabInternal: {fileID: 36668805}
  m_GameObject: {fileID: 1423367710}
  m_Enabled: 1
  m_CastShadows: 1
  m_ReceiveShadows: 1
  m_Materials:
  - {fileID: 2100000, guid: 413befd66bdd84d569871d0524b4685a, type: 2}
  m_SubsetIndices: 
  m_StaticBatchRoot: {fileID: 0}
  m_UseLightProbes: 0
  m_ReflectionProbeUsage: 1
  m_ProbeAnchor: {fileID: 0}
  m_ScaleInLightmap: 1
  m_PreserveUVs: 0
  m_IgnoreNormalsForChartDetection: 0
  m_ImportantGI: 0
  m_MinimumChartSize: 4
  m_AutoUVMaxDistance: 0.5
  m_AutoUVMaxAngle: 89
  m_LightmapParameters: {fileID: 0}
  m_SortingLayerID: 0
  m_SortingOrder: 0
--- !u!135 &1423367713
SphereCollider:
  m_ObjectHideFlags: 0
  m_PrefabParentObject: {fileID: 13524192, guid: a4d020d60b18649af92bb2a05e00d513,
    type: 2}
  m_PrefabInternal: {fileID: 36668805}
  m_GameObject: {fileID: 1423367710}
  m_Material: {fileID: 0}
  m_IsTrigger: 0
  m_Enabled: 1
  serializedVersion: 2
  m_Radius: 0.5
  m_Center: {x: 0, y: 0, z: 0}
--- !u!33 &1423367714
MeshFilter:
  m_ObjectHideFlags: 0
  m_PrefabParentObject: {fileID: 3324192, guid: a4d020d60b18649af92bb2a05e00d513,
    type: 2}
  m_PrefabInternal: {fileID: 36668805}
  m_GameObject: {fileID: 1423367710}
  m_Mesh: {fileID: 10207, guid: 0000000000000000e000000000000000, type: 0}
--- !u!1 &1439435531
GameObject:
  m_ObjectHideFlags: 0
  m_PrefabParentObject: {fileID: 154384, guid: a4d020d60b18649af92bb2a05e00d513, type: 2}
  m_PrefabInternal: {fileID: 36668805}
  serializedVersion: 4
  m_Component:
  - 4: {fileID: 1439435532}
  - 108: {fileID: 1439435533}
  m_Layer: 0
  m_Name: Point light
  m_TagString: Untagged
  m_Icon: {fileID: 0}
  m_NavMeshLayer: 0
  m_StaticEditorFlags: 0
  m_IsActive: 1
--- !u!4 &1439435532
Transform:
  m_ObjectHideFlags: 0
  m_PrefabParentObject: {fileID: 454384, guid: a4d020d60b18649af92bb2a05e00d513, type: 2}
  m_PrefabInternal: {fileID: 36668805}
  m_GameObject: {fileID: 1439435531}
  m_LocalRotation: {x: 0, y: 0, z: 0, w: 1}
  m_LocalPosition: {x: -3.3, y: 18.2, z: -44.7}
  m_LocalScale: {x: 1, y: 1, z: 1}
  m_Children: []
  m_Father: {fileID: 1183860583}
  m_RootOrder: 4
--- !u!108 &1439435533
Light:
  m_ObjectHideFlags: 0
  m_PrefabParentObject: {fileID: 10854384, guid: a4d020d60b18649af92bb2a05e00d513,
    type: 2}
  m_PrefabInternal: {fileID: 36668805}
  m_GameObject: {fileID: 1439435531}
  m_Enabled: 1
  serializedVersion: 6
  m_Type: 2
  m_Color: {r: 1, g: 0.5939148, b: 0.33088237, a: 1}
  m_Intensity: 0.79774064
  m_Range: 69.46
  m_SpotAngle: 30
  m_CookieSize: 10
  m_Shadows:
    m_Type: 0
    m_Resolution: -1
    m_Strength: 1
    m_Bias: 0.05
    m_NormalBias: 0.4
    m_NearPlane: 0.2
  m_Cookie: {fileID: 0}
  m_DrawHalo: 0
  m_Flare: {fileID: 0}
  m_RenderMode: 0
  m_CullingMask:
    serializedVersion: 2
    m_Bits: 4294967295
  m_Lightmapping: 1
  m_BounceIntensity: 1
  m_ShadowRadius: 0
  m_ShadowAngle: 0
  m_AreaSize: {x: 1, y: 1}
--- !u!1 &1483390788
GameObject:
  m_ObjectHideFlags: 0
  m_PrefabParentObject: {fileID: 111518, guid: a4d020d60b18649af92bb2a05e00d513, type: 2}
  m_PrefabInternal: {fileID: 36668805}
  serializedVersion: 4
  m_Component:
  - 4: {fileID: 1483390789}
  - 33: {fileID: 1483390792}
  - 23: {fileID: 1483390791}
  - 95: {fileID: 1483390790}
  m_Layer: 0
  m_Name: AllSky_DemoEnvironment_Light
  m_TagString: Untagged
  m_Icon: {fileID: 0}
  m_NavMeshLayer: 0
  m_StaticEditorFlags: 0
  m_IsActive: 1
--- !u!4 &1483390789
Transform:
  m_ObjectHideFlags: 0
  m_PrefabParentObject: {fileID: 411518, guid: a4d020d60b18649af92bb2a05e00d513, type: 2}
  m_PrefabInternal: {fileID: 36668805}
  m_GameObject: {fileID: 1483390788}
  m_LocalRotation: {x: -0.70356476, y: 0.07068698, z: 0.07068698, w: 0.70356476}
  m_LocalPosition: {x: -11.66, y: 18.94, z: -50.71}
  m_LocalScale: {x: 1, y: 1, z: 1}
  m_Children: []
  m_Father: {fileID: 1183860583}
  m_RootOrder: 10
--- !u!95 &1483390790
Animator:
  serializedVersion: 3
  m_ObjectHideFlags: 0
  m_PrefabParentObject: {fileID: 9511522, guid: a4d020d60b18649af92bb2a05e00d513,
    type: 2}
  m_PrefabInternal: {fileID: 36668805}
  m_GameObject: {fileID: 1483390788}
  m_Enabled: 1
  m_Avatar: {fileID: 9000000, guid: a86608a16093647c082aa3ccf69d2558, type: 3}
  m_Controller: {fileID: 0}
  m_CullingMode: 0
  m_UpdateMode: 0
  m_ApplyRootMotion: 1
  m_LinearVelocityBlending: 0
  m_WarningMessage: 
  m_HasTransformHierarchy: 1
  m_AllowConstantClipSamplingOptimization: 1
--- !u!23 &1483390791
MeshRenderer:
  m_ObjectHideFlags: 0
  m_PrefabParentObject: {fileID: 2311522, guid: a4d020d60b18649af92bb2a05e00d513,
    type: 2}
  m_PrefabInternal: {fileID: 36668805}
  m_GameObject: {fileID: 1483390788}
  m_Enabled: 1
  m_CastShadows: 1
  m_ReceiveShadows: 1
  m_Materials:
  - {fileID: 2100000, guid: 05aa87d4636d34850a6f48daedd1b55c, type: 2}
  - {fileID: 2100000, guid: a7f9f8058b27648f4ba9ed54ced4ac00, type: 2}
  m_SubsetIndices: 
  m_StaticBatchRoot: {fileID: 0}
  m_UseLightProbes: 0
  m_ReflectionProbeUsage: 1
  m_ProbeAnchor: {fileID: 0}
  m_ScaleInLightmap: 1
  m_PreserveUVs: 0
  m_IgnoreNormalsForChartDetection: 0
  m_ImportantGI: 0
  m_MinimumChartSize: 4
  m_AutoUVMaxDistance: 0.5
  m_AutoUVMaxAngle: 89
  m_LightmapParameters: {fileID: 0}
  m_SortingLayerID: 0
  m_SortingOrder: 0
--- !u!33 &1483390792
MeshFilter:
  m_ObjectHideFlags: 0
  m_PrefabParentObject: {fileID: 3311522, guid: a4d020d60b18649af92bb2a05e00d513,
    type: 2}
  m_PrefabInternal: {fileID: 36668805}
  m_GameObject: {fileID: 1483390788}
  m_Mesh: {fileID: 4300000, guid: a86608a16093647c082aa3ccf69d2558, type: 3}
--- !u!1 &1602752431
GameObject:
  m_ObjectHideFlags: 0
  m_PrefabParentObject: {fileID: 159398, guid: a4d020d60b18649af92bb2a05e00d513, type: 2}
  m_PrefabInternal: {fileID: 36668805}
  serializedVersion: 4
  m_Component:
  - 224: {fileID: 1602752432}
  - 222: {fileID: 1602752434}
  - 114: {fileID: 1602752433}
  m_Layer: 5
  m_Name: HowToUpResSkies
  m_TagString: Untagged
  m_Icon: {fileID: 0}
  m_NavMeshLayer: 0
  m_StaticEditorFlags: 0
  m_IsActive: 1
--- !u!224 &1602752432
RectTransform:
  m_ObjectHideFlags: 0
  m_PrefabParentObject: {fileID: 22459398, guid: a4d020d60b18649af92bb2a05e00d513,
    type: 2}
  m_PrefabInternal: {fileID: 36668805}
  m_GameObject: {fileID: 1602752431}
  m_LocalRotation: {x: 0, y: 0, z: 0, w: 1}
  m_LocalPosition: {x: 0, y: 0, z: 0}
  m_LocalScale: {x: 8, y: 2, z: 1}
  m_Children: []
  m_Father: {fileID: 1924791449}
  m_RootOrder: 4
  m_AnchorMin: {x: 1, y: 0}
  m_AnchorMax: {x: 1, y: 0}
  m_AnchoredPosition: {x: -287.6, y: 81.2}
  m_SizeDelta: {x: 100, y: 100}
  m_Pivot: {x: 0.5, y: 0.5}
--- !u!114 &1602752433
MonoBehaviour:
  m_ObjectHideFlags: 0
  m_PrefabParentObject: {fileID: 11459398, guid: a4d020d60b18649af92bb2a05e00d513,
    type: 2}
  m_PrefabInternal: {fileID: 36668805}
  m_GameObject: {fileID: 1602752431}
  m_Enabled: 1
  m_EditorHideFlags: 0
  m_Script: {fileID: -765806418, guid: f5f67c52d1564df4a8936ccd202a3bd8, type: 3}
  m_Name: 
  m_EditorClassIdentifier: 
  m_Material: {fileID: 0}
  m_Color: {r: 1, g: 1, b: 1, a: 1}
  m_RaycastTarget: 1
  m_OnCullStateChanged:
    m_PersistentCalls:
      m_Calls: []
    m_TypeName: UnityEngine.UI.MaskableGraphic+CullStateChangedEvent, UnityEngine.UI,
      Version=1.0.0.0, Culture=neutral, PublicKeyToken=null
  m_Sprite: {fileID: 21300000, guid: 5f86fefc3a6bd4b1998b38ab48808f10, type: 3}
  m_Type: 0
  m_PreserveAspect: 0
  m_FillCenter: 1
  m_FillMethod: 4
  m_FillAmount: 1
  m_FillClockwise: 1
  m_FillOrigin: 0
--- !u!222 &1602752434
CanvasRenderer:
  m_ObjectHideFlags: 0
  m_PrefabParentObject: {fileID: 22259398, guid: a4d020d60b18649af92bb2a05e00d513,
    type: 2}
  m_PrefabInternal: {fileID: 36668805}
  m_GameObject: {fileID: 1602752431}
--- !u!1 &1773576844
GameObject:
  m_ObjectHideFlags: 0
  m_PrefabParentObject: {fileID: 124192, guid: a4d020d60b18649af92bb2a05e00d513, type: 2}
  m_PrefabInternal: {fileID: 36668805}
  serializedVersion: 4
  m_Component:
  - 4: {fileID: 1773576845}
  - 123: {fileID: 1773576846}
  m_Layer: 0
  m_Name: MountainGlow
  m_TagString: Untagged
  m_Icon: {fileID: 0}
  m_NavMeshLayer: 0
  m_StaticEditorFlags: 0
  m_IsActive: 1
--- !u!4 &1773576845
Transform:
  m_ObjectHideFlags: 0
  m_PrefabParentObject: {fileID: 424192, guid: a4d020d60b18649af92bb2a05e00d513, type: 2}
  m_PrefabInternal: {fileID: 36668805}
  m_GameObject: {fileID: 1773576844}
  m_LocalRotation: {x: 0, y: 0, z: 0, w: 1}
  m_LocalPosition: {x: 0, y: 0.61, z: 0}
  m_LocalScale: {x: 0.06934206, y: 0.06934206, z: 0.06934206}
  m_Children: []
  m_Father: {fileID: 1423367711}
  m_RootOrder: 0
--- !u!123 &1773576846
LensFlare:
  m_ObjectHideFlags: 0
  m_PrefabParentObject: {fileID: 12324192, guid: a4d020d60b18649af92bb2a05e00d513,
    type: 2}
  m_PrefabInternal: {fileID: 36668805}
  m_GameObject: {fileID: 1773576844}
  m_Enabled: 1
  m_Flare: {fileID: 12100000, guid: 4bd4faf9a6beb484485deba5aeb62c81, type: 2}
  m_Color: {r: 0.8235294, g: 0.15334684, b: 0, a: 1}
  m_Brightness: 0.2
  m_FadeSpeed: 0.1
  m_IgnoreLayers:
    serializedVersion: 2
    m_Bits: 6
  m_Directional: 0
--- !u!1 &1874240187
GameObject:
  m_ObjectHideFlags: 0
  m_PrefabParentObject: {fileID: 181006, guid: a4d020d60b18649af92bb2a05e00d513, type: 2}
  m_PrefabInternal: {fileID: 36668805}
  serializedVersion: 4
  m_Component:
  - 4: {fileID: 1874240188}
  - 108: {fileID: 1874240189}
  m_Layer: 0
  m_Name: Point light
  m_TagString: Untagged
  m_Icon: {fileID: 0}
  m_NavMeshLayer: 0
  m_StaticEditorFlags: 0
  m_IsActive: 1
--- !u!4 &1874240188
Transform:
  m_ObjectHideFlags: 0
  m_PrefabParentObject: {fileID: 481006, guid: a4d020d60b18649af92bb2a05e00d513, type: 2}
  m_PrefabInternal: {fileID: 36668805}
  m_GameObject: {fileID: 1874240187}
  m_LocalRotation: {x: 0, y: 0, z: 0, w: 1}
  m_LocalPosition: {x: -0.11163661, y: 1.1386985, z: 0.038274024}
  m_LocalScale: {x: 0.15948157, y: 0.15948159, z: 0.15948159}
  m_Children: []
  m_Father: {fileID: 772068838}
  m_RootOrder: 1
--- !u!108 &1874240189
Light:
  m_ObjectHideFlags: 0
  m_PrefabParentObject: {fileID: 10881006, guid: a4d020d60b18649af92bb2a05e00d513,
    type: 2}
  m_PrefabInternal: {fileID: 36668805}
  m_GameObject: {fileID: 1874240187}
  m_Enabled: 1
  serializedVersion: 6
  m_Type: 2
  m_Color: {r: 0.9632353, g: 0.17936105, b: 0, a: 1}
  m_Intensity: 0.84
  m_Range: 288.7775
  m_SpotAngle: 30
  m_CookieSize: 10
  m_Shadows:
    m_Type: 0
    m_Resolution: -1
    m_Strength: 1
    m_Bias: 0.05
    m_NormalBias: 0.4
    m_NearPlane: 0.2
  m_Cookie: {fileID: 0}
  m_DrawHalo: 0
  m_Flare: {fileID: 0}
  m_RenderMode: 0
  m_CullingMask:
    serializedVersion: 2
    m_Bits: 4294967295
  m_Lightmapping: 1
  m_BounceIntensity: 1
  m_ShadowRadius: 0
  m_ShadowAngle: 0
  m_AreaSize: {x: 1, y: 1}
--- !u!1 &1924791448
GameObject:
  m_ObjectHideFlags: 0
  m_PrefabParentObject: {fileID: 118414, guid: a4d020d60b18649af92bb2a05e00d513, type: 2}
  m_PrefabInternal: {fileID: 36668805}
  serializedVersion: 4
  m_Component:
  - 224: {fileID: 1924791449}
  - 223: {fileID: 1924791452}
  - 114: {fileID: 1924791451}
  - 114: {fileID: 1924791450}
  m_Layer: 5
  m_Name: Canvas
  m_TagString: Untagged
  m_Icon: {fileID: 0}
  m_NavMeshLayer: 0
  m_StaticEditorFlags: 0
  m_IsActive: 1
--- !u!224 &1924791449
RectTransform:
  m_ObjectHideFlags: 0
  m_PrefabParentObject: {fileID: 22418414, guid: a4d020d60b18649af92bb2a05e00d513,
    type: 2}
  m_PrefabInternal: {fileID: 36668805}
  m_GameObject: {fileID: 1924791448}
  m_LocalRotation: {x: 0, y: 0, z: 0, w: 1}
  m_LocalPosition: {x: 0, y: 0, z: 0}
  m_LocalScale: {x: 0, y: 0, z: 0}
  m_Children:
  - {fileID: 770806685}
  - {fileID: 840636168}
  - {fileID: 1987368409}
  - {fileID: 834520392}
  - {fileID: 1602752432}
  m_Father: {fileID: 1183860583}
  m_RootOrder: 19
  m_AnchorMin: {x: 0, y: 0}
  m_AnchorMax: {x: 0, y: 0}
  m_AnchoredPosition: {x: 0, y: 0}
  m_SizeDelta: {x: 0, y: 0}
  m_Pivot: {x: 0, y: 0}
--- !u!114 &1924791450
MonoBehaviour:
  m_ObjectHideFlags: 0
  m_PrefabParentObject: {fileID: 11418414, guid: a4d020d60b18649af92bb2a05e00d513,
    type: 2}
  m_PrefabInternal: {fileID: 36668805}
  m_GameObject: {fileID: 1924791448}
  m_Enabled: 1
  m_EditorHideFlags: 0
  m_Script: {fileID: 1301386320, guid: f5f67c52d1564df4a8936ccd202a3bd8, type: 3}
  m_Name: 
  m_EditorClassIdentifier: 
  m_IgnoreReversedGraphics: 1
  m_BlockingObjects: 0
  m_BlockingMask:
    serializedVersion: 2
    m_Bits: 4294967295
--- !u!114 &1924791451
MonoBehaviour:
  m_ObjectHideFlags: 0
  m_PrefabParentObject: {fileID: 11418412, guid: a4d020d60b18649af92bb2a05e00d513,
    type: 2}
  m_PrefabInternal: {fileID: 36668805}
  m_GameObject: {fileID: 1924791448}
  m_Enabled: 1
  m_EditorHideFlags: 0
  m_Script: {fileID: 1980459831, guid: f5f67c52d1564df4a8936ccd202a3bd8, type: 3}
  m_Name: 
  m_EditorClassIdentifier: 
  m_UiScaleMode: 0
  m_ReferencePixelsPerUnit: 100
  m_ScaleFactor: 1
  m_ReferenceResolution: {x: 800, y: 600}
  m_ScreenMatchMode: 0
  m_MatchWidthOrHeight: 0.71
  m_PhysicalUnit: 3
  m_FallbackScreenDPI: 96
  m_DefaultSpriteDPI: 96
  m_DynamicPixelsPerUnit: 1
--- !u!223 &1924791452
Canvas:
  m_ObjectHideFlags: 0
  m_PrefabParentObject: {fileID: 22318418, guid: a4d020d60b18649af92bb2a05e00d513,
    type: 2}
  m_PrefabInternal: {fileID: 36668805}
  m_GameObject: {fileID: 1924791448}
  m_Enabled: 1
  serializedVersion: 2
  m_RenderMode: 1
  m_Camera: {fileID: 573779203}
  m_PlaneDistance: 5
  m_PixelPerfect: 0
  m_ReceivesEvents: 1
  m_OverrideSorting: 0
  m_OverridePixelPerfect: 0
  m_SortingLayerID: 0
  m_SortingOrder: 0
  m_TargetDisplay: 0
--- !u!1 &1929034740
GameObject:
  m_ObjectHideFlags: 0
  m_PrefabParentObject: {fileID: 165722, guid: a4d020d60b18649af92bb2a05e00d513, type: 2}
  m_PrefabInternal: {fileID: 36668805}
  serializedVersion: 4
  m_Component:
  - 4: {fileID: 1929034741}
  - 123: {fileID: 1929034742}
  m_Layer: 0
  m_Name: MountainGlow
  m_TagString: Untagged
  m_Icon: {fileID: 0}
  m_NavMeshLayer: 0
  m_StaticEditorFlags: 0
  m_IsActive: 1
--- !u!4 &1929034741
Transform:
  m_ObjectHideFlags: 0
  m_PrefabParentObject: {fileID: 465722, guid: a4d020d60b18649af92bb2a05e00d513, type: 2}
  m_PrefabInternal: {fileID: 36668805}
  m_GameObject: {fileID: 1929034740}
  m_LocalRotation: {x: 0, y: 0, z: 0, w: 1}
  m_LocalPosition: {x: 0, y: 0.61, z: 0}
  m_LocalScale: {x: 0.06934206, y: 0.06934206, z: 0.06934206}
  m_Children: []
  m_Father: {fileID: 772068838}
  m_RootOrder: 0
--- !u!123 &1929034742
LensFlare:
  m_ObjectHideFlags: 0
  m_PrefabParentObject: {fileID: 12365722, guid: a4d020d60b18649af92bb2a05e00d513,
    type: 2}
  m_PrefabInternal: {fileID: 36668805}
  m_GameObject: {fileID: 1929034740}
  m_Enabled: 1
  m_Flare: {fileID: 12100000, guid: 4bd4faf9a6beb484485deba5aeb62c81, type: 2}
  m_Color: {r: 0.8235294, g: 0.15334684, b: 0, a: 1}
  m_Brightness: 0.2
  m_FadeSpeed: 0.1
  m_IgnoreLayers:
    serializedVersion: 2
    m_Bits: 6
  m_Directional: 0
--- !u!1 &1934791437
GameObject:
  m_ObjectHideFlags: 0
  m_PrefabParentObject: {fileID: 101870, guid: a4d020d60b18649af92bb2a05e00d513, type: 2}
  m_PrefabInternal: {fileID: 36668805}
  serializedVersion: 4
  m_Component:
  - 4: {fileID: 1934791438}
  - 33: {fileID: 1934791441}
  - 23: {fileID: 1934791440}
  - 95: {fileID: 1934791439}
  m_Layer: 0
  m_Name: AllSky_DemoEnvironment_Light
  m_TagString: Untagged
  m_Icon: {fileID: 0}
  m_NavMeshLayer: 0
  m_StaticEditorFlags: 0
  m_IsActive: 1
--- !u!4 &1934791438
Transform:
  m_ObjectHideFlags: 0
  m_PrefabParentObject: {fileID: 401870, guid: a4d020d60b18649af92bb2a05e00d513, type: 2}
  m_PrefabInternal: {fileID: 36668805}
  m_GameObject: {fileID: 1934791437}
  m_LocalRotation: {x: 0.0660789, y: 0.7040125, z: 0.7040125, w: -0.066078864}
  m_LocalPosition: {x: -67.93, y: 17, z: 13.85}
  m_LocalScale: {x: 1, y: 1, z: 1}
  m_Children: []
  m_Father: {fileID: 1183860583}
  m_RootOrder: 14
--- !u!95 &1934791439
Animator:
  serializedVersion: 3
  m_ObjectHideFlags: 0
  m_PrefabParentObject: {fileID: 9501870, guid: a4d020d60b18649af92bb2a05e00d513,
    type: 2}
  m_PrefabInternal: {fileID: 36668805}
  m_GameObject: {fileID: 1934791437}
  m_Enabled: 1
  m_Avatar: {fileID: 9000000, guid: a86608a16093647c082aa3ccf69d2558, type: 3}
  m_Controller: {fileID: 0}
  m_CullingMode: 0
  m_UpdateMode: 0
  m_ApplyRootMotion: 1
  m_LinearVelocityBlending: 0
  m_WarningMessage: 
  m_HasTransformHierarchy: 1
  m_AllowConstantClipSamplingOptimization: 1
--- !u!23 &1934791440
MeshRenderer:
  m_ObjectHideFlags: 0
  m_PrefabParentObject: {fileID: 2301870, guid: a4d020d60b18649af92bb2a05e00d513,
    type: 2}
  m_PrefabInternal: {fileID: 36668805}
  m_GameObject: {fileID: 1934791437}
  m_Enabled: 1
  m_CastShadows: 1
  m_ReceiveShadows: 1
  m_Materials:
  - {fileID: 2100000, guid: 05aa87d4636d34850a6f48daedd1b55c, type: 2}
  - {fileID: 2100000, guid: a7f9f8058b27648f4ba9ed54ced4ac00, type: 2}
  m_SubsetIndices: 
  m_StaticBatchRoot: {fileID: 0}
  m_UseLightProbes: 0
  m_ReflectionProbeUsage: 1
  m_ProbeAnchor: {fileID: 0}
  m_ScaleInLightmap: 1
  m_PreserveUVs: 0
  m_IgnoreNormalsForChartDetection: 0
  m_ImportantGI: 0
  m_MinimumChartSize: 4
  m_AutoUVMaxDistance: 0.5
  m_AutoUVMaxAngle: 89
  m_LightmapParameters: {fileID: 0}
  m_SortingLayerID: 0
  m_SortingOrder: 0
--- !u!33 &1934791441
MeshFilter:
  m_ObjectHideFlags: 0
  m_PrefabParentObject: {fileID: 3301870, guid: a4d020d60b18649af92bb2a05e00d513,
    type: 2}
  m_PrefabInternal: {fileID: 36668805}
  m_GameObject: {fileID: 1934791437}
  m_Mesh: {fileID: 4300000, guid: a86608a16093647c082aa3ccf69d2558, type: 3}
--- !u!1 &1987368408
GameObject:
  m_ObjectHideFlags: 0
  m_PrefabParentObject: {fileID: 118416, guid: a4d020d60b18649af92bb2a05e00d513, type: 2}
  m_PrefabInternal: {fileID: 36668805}
  serializedVersion: 4
  m_Component:
  - 224: {fileID: 1987368409}
  - 222: {fileID: 1987368411}
  - 114: {fileID: 1987368410}
  m_Layer: 5
  m_Name: Text_DemoEnv
  m_TagString: Untagged
  m_Icon: {fileID: 0}
  m_NavMeshLayer: 0
  m_StaticEditorFlags: 0
  m_IsActive: 1
--- !u!224 &1987368409
RectTransform:
  m_ObjectHideFlags: 0
  m_PrefabParentObject: {fileID: 22418416, guid: a4d020d60b18649af92bb2a05e00d513,
    type: 2}
  m_PrefabInternal: {fileID: 36668805}
  m_GameObject: {fileID: 1987368408}
  m_LocalRotation: {x: 0, y: 0.00000041787274, z: 0, w: 1}
  m_LocalPosition: {x: 0, y: 0, z: 0.00020241861}
  m_LocalScale: {x: 1, y: 1, z: 1}
  m_Children: []
  m_Father: {fileID: 1924791449}
  m_RootOrder: 2
  m_AnchorMin: {x: 0, y: 0}
  m_AnchorMax: {x: 0, y: 0}
  m_AnchoredPosition: {x: 414.8, y: -17.300049}
  m_SizeDelta: {x: 800, y: 83}
  m_Pivot: {x: 0.5, y: 0.5}
--- !u!114 &1987368410
MonoBehaviour:
  m_ObjectHideFlags: 0
  m_PrefabParentObject: {fileID: 11418416, guid: a4d020d60b18649af92bb2a05e00d513,
    type: 2}
  m_PrefabInternal: {fileID: 36668805}
  m_GameObject: {fileID: 1987368408}
  m_Enabled: 1
  m_EditorHideFlags: 0
  m_Script: {fileID: 708705254, guid: f5f67c52d1564df4a8936ccd202a3bd8, type: 3}
  m_Name: 
  m_EditorClassIdentifier: 
  m_Material: {fileID: 0}
  m_Color: {r: 1, g: 1, b: 1, a: 0.63529414}
  m_RaycastTarget: 1
  m_OnCullStateChanged:
    m_PersistentCalls:
      m_Calls: []
    m_TypeName: UnityEngine.UI.MaskableGraphic+CullStateChangedEvent, UnityEngine.UI,
      Version=1.0.0.0, Culture=neutral, PublicKeyToken=null
  m_FontData:
    m_Font: {fileID: 10102, guid: 0000000000000000e000000000000000, type: 0}
    m_FontSize: 14
    m_FontStyle: 0
    m_BestFit: 0
    m_MinSize: 10
    m_MaxSize: 40
    m_Alignment: 0
    m_AlignByGeometry: 0
    m_RichText: 1
    m_HorizontalOverflow: 0
    m_VerticalOverflow: 0
    m_LineSpacing: 1
  m_Text: Demo Environments (Deferred Render, Linear Lighting)
--- !u!222 &1987368411
CanvasRenderer:
  m_ObjectHideFlags: 0
  m_PrefabParentObject: {fileID: 22218416, guid: a4d020d60b18649af92bb2a05e00d513,
    type: 2}
  m_PrefabInternal: {fileID: 36668805}
  m_GameObject: {fileID: 1987368408}
