%YAML 1.1
%TAG !u! tag:unity3d.com,2011:
--- !u!29 &1
SceneSettings:
  m_ObjectHideFlags: 0
  m_PVSData: 
  m_PVSObjectsArray: []
  m_PVSPortalsArray: []
  m_OcclusionBakeSettings:
    smallestOccluder: 5
    smallestHole: 0.25
    backfaceThreshold: 100
--- !u!104 &2
RenderSettings:
  m_ObjectHideFlags: 0
  serializedVersion: 7
  m_Fog: 0
  m_FogColor: {r: 0.5, g: 0.5, b: 0.5, a: 1}
  m_FogMode: 3
  m_FogDensity: 0.01
  m_LinearFogStart: 0
  m_LinearFogEnd: 300
  m_AmbientSkyColor: {r: 0.212, g: 0.227, b: 0.259, a: 1}
  m_AmbientEquatorColor: {r: 0.114, g: 0.125, b: 0.133, a: 1}
  m_AmbientGroundColor: {r: 0.047, g: 0.043, b: 0.035, a: 1}
  m_AmbientIntensity: 1
  m_AmbientMode: 0
  m_SkyboxMaterial: {fileID: 10304, guid: 0000000000000000f000000000000000, type: 0}
  m_HaloStrength: 0.5
  m_FlareStrength: 1
  m_FlareFadeSpeed: 3
  m_HaloTexture: {fileID: 0}
  m_SpotCookie: {fileID: 10001, guid: 0000000000000000e000000000000000, type: 0}
  m_DefaultReflectionMode: 0
  m_DefaultReflectionResolution: 128
  m_ReflectionBounces: 1
  m_ReflectionIntensity: 1
  m_CustomReflection: {fileID: 0}
  m_Sun: {fileID: 0}
  m_IndirectSpecularColor: {r: 0, g: 0, b: 0, a: 1}
--- !u!157 &3
LightmapSettings:
  m_ObjectHideFlags: 0
  serializedVersion: 7
  m_GIWorkflowMode: 1
  m_GISettings:
    serializedVersion: 2
    m_BounceScale: 1
    m_IndirectOutputScale: 1
    m_AlbedoBoost: 1
    m_TemporalCoherenceThreshold: 1
    m_EnvironmentLightingMode: 0
    m_EnableBakedLightmaps: 1
    m_EnableRealtimeLightmaps: 1
  m_LightmapEditorSettings:
    serializedVersion: 4
    m_Resolution: 2
    m_BakeResolution: 40
    m_TextureWidth: 1024
    m_TextureHeight: 1024
    m_AO: 0
    m_AOMaxDistance: 1
    m_CompAOExponent: 0
    m_CompAOExponentDirect: 0
    m_Padding: 2
    m_LightmapParameters: {fileID: 0}
    m_LightmapsBakeMode: 1
    m_TextureCompression: 1
    m_DirectLightInLightProbes: 1
    m_FinalGather: 0
    m_FinalGatherFiltering: 1
    m_FinalGatherRayCount: 1024
    m_ReflectionCompression: 2
  m_LightingDataAsset: {fileID: 0}
  m_RuntimeCPUUsage: 25
--- !u!196 &4
NavMeshSettings:
  serializedVersion: 2
  m_ObjectHideFlags: 0
  m_BuildSettings:
    serializedVersion: 2
    agentRadius: 0.5
    agentHeight: 2
    agentSlope: 45
    agentClimb: 0.4
    ledgeDropHeight: 0
    maxJumpAcrossDistance: 0
    accuratePlacement: 0
    minRegionArea: 2
    cellSize: 0.16666667
    manualCellSize: 0
  m_NavMeshData: {fileID: 0}
--- !u!1 &67115042
GameObject:
  m_ObjectHideFlags: 0
  m_PrefabParentObject: {fileID: 100000, guid: 4d83041cf64e7214587bdfcd756c5646, type: 2}
  m_PrefabInternal: {fileID: 1296657429}
  serializedVersion: 4
  m_Component:
  - 4: {fileID: 67115045}
  - 114: {fileID: 67115044}
  - 114: {fileID: 67115043}
  m_Layer: 0
  m_Name: Exploder
  m_TagString: Untagged
  m_Icon: {fileID: 0}
  m_NavMeshLayer: 0
  m_StaticEditorFlags: 0
  m_IsActive: 1
--- !u!114 &67115043
MonoBehaviour:
  m_ObjectHideFlags: 0
  m_PrefabParentObject: {fileID: 11400000, guid: 4d83041cf64e7214587bdfcd756c5646,
    type: 2}
  m_PrefabInternal: {fileID: 1296657429}
  m_GameObject: {fileID: 67115042}
  m_Enabled: 1
  m_EditorHideFlags: 0
  m_Script: {fileID: 11500000, guid: 9f248d80a6128a34cab81cb1cd3ebe15, type: 3}
  m_Name: 
  m_EditorClassIdentifier: 
--- !u!114 &67115044
MonoBehaviour:
  m_ObjectHideFlags: 0
  m_PrefabParentObject: {fileID: 11400002, guid: 4d83041cf64e7214587bdfcd756c5646,
    type: 2}
  m_PrefabInternal: {fileID: 1296657429}
  m_GameObject: {fileID: 67115042}
  m_Enabled: 1
  m_EditorHideFlags: 0
  m_Script: {fileID: 11500000, guid: b945f9aa6e0d3de46ab1fabcf3b510b6, type: 3}
  m_Name: 
  m_EditorClassIdentifier: 
--- !u!4 &67115045
Transform:
  m_ObjectHideFlags: 0
  m_PrefabParentObject: {fileID: 400000, guid: 4d83041cf64e7214587bdfcd756c5646, type: 2}
  m_PrefabInternal: {fileID: 1296657429}
  m_GameObject: {fileID: 67115042}
  m_LocalRotation: {x: 0, y: 0.6877847, z: 0, w: 0.7259148}
  m_LocalPosition: {x: 0, y: 12.38, z: 9.72}
  m_LocalScale: {x: 7.1, y: 1, z: 1}
  m_LocalEulerAnglesHint: {x: 0, y: 0, z: 0}
  m_Children: []
  m_Father: {fileID: 0}
  m_RootOrder: 2
--- !u!1 &312825011
GameObject:
  m_ObjectHideFlags: 0
  m_PrefabParentObject: {fileID: 107624, guid: cb61fc7c613a73e47a6acaffe15e8ba1, type: 2}
  m_PrefabInternal: {fileID: 635786573}
  serializedVersion: 4
  m_Component:
  - 4: {fileID: 635786574}
  - 33: {fileID: 312825013}
  - 23: {fileID: 312825012}
  m_Layer: 0
  m_Name: sphere1000
  m_TagString: Exploder
  m_Icon: {fileID: 0}
  m_NavMeshLayer: 0
  m_StaticEditorFlags: 0
  m_IsActive: 0
--- !u!23 &312825012
MeshRenderer:
  m_ObjectHideFlags: 0
  m_PrefabParentObject: {fileID: 2315920, guid: cb61fc7c613a73e47a6acaffe15e8ba1,
    type: 2}
  m_PrefabInternal: {fileID: 635786573}
  m_GameObject: {fileID: 312825011}
  m_Enabled: 1
  m_CastShadows: 1
  m_ReceiveShadows: 1
  m_MotionVectors: 1
  m_LightProbeUsage: 1
  m_ReflectionProbeUsage: 1
  m_Materials:
  - {fileID: 2100000, guid: 0994f12d3d86bcf40b86b652af12bbd0, type: 2}
  m_SubsetIndices: 
  m_StaticBatchRoot: {fileID: 0}
  m_ProbeAnchor: {fileID: 0}
  m_LightProbeVolumeOverride: {fileID: 0}
  m_ScaleInLightmap: 1
  m_PreserveUVs: 0
  m_IgnoreNormalsForChartDetection: 0
  m_ImportantGI: 0
  m_SelectedWireframeHidden: 0
  m_MinimumChartSize: 4
  m_AutoUVMaxDistance: 0.5
  m_AutoUVMaxAngle: 89
  m_LightmapParameters: {fileID: 0}
  m_SortingLayerID: 0
  m_SortingOrder: 0
--- !u!33 &312825013
MeshFilter:
  m_ObjectHideFlags: 0
  m_PrefabParentObject: {fileID: 3310106, guid: cb61fc7c613a73e47a6acaffe15e8ba1,
    type: 2}
  m_PrefabInternal: {fileID: 635786573}
  m_GameObject: {fileID: 312825011}
  m_Mesh: {fileID: 4300000, guid: 9effcb71976a5a84991743af090ef663, type: 2}
--- !u!1 &479392454
GameObject:
  m_ObjectHideFlags: 0
  m_PrefabParentObject: {fileID: 0}
  m_PrefabInternal: {fileID: 0}
  serializedVersion: 4
  m_Component:
  - 4: {fileID: 479392457}
  - 114: {fileID: 479392456}
  - 132: {fileID: 479392455}
  - 114: {fileID: 479392458}
  m_Layer: 0
  m_Name: Benchmark
  m_TagString: Untagged
  m_Icon: {fileID: 0}
  m_NavMeshLayer: 0
  m_StaticEditorFlags: 0
  m_IsActive: 1
--- !u!132 &479392455
GUIText:
  m_ObjectHideFlags: 0
  m_PrefabParentObject: {fileID: 0}
  m_PrefabInternal: {fileID: 0}
  m_GameObject: {fileID: 479392454}
  m_Enabled: 1
  serializedVersion: 3
  m_Text: 'test

'
  m_Anchor: 0
  m_Alignment: 0
  m_PixelOffset: {x: 4.75, y: 200}
  m_LineSpacing: 1
  m_TabSize: 4
  m_Font: {fileID: 12800000, guid: 35021dda9bd03434195c7dcd6ad7618f, type: 3}
  m_Material: {fileID: 0}
  m_FontSize: 20
  m_FontStyle: 0
  m_Color:
    serializedVersion: 2
    rgba: 4294967295
  m_PixelCorrect: 1
  m_RichText: 1
--- !u!114 &479392456
MonoBehaviour:
  m_ObjectHideFlags: 0
  m_PrefabParentObject: {fileID: 0}
  m_PrefabInternal: {fileID: 0}
  m_GameObject: {fileID: 479392454}
  m_Enabled: 1
  m_EditorHideFlags: 0
  m_Script: {fileID: 11500000, guid: f932e9d832160ab4db060a6929f591d6, type: 3}
  m_Name: 
  m_EditorClassIdentifier: 
  testObjects: {fileID: 1668562480}
  objects: []
  index: 0
  rounds: 5
  batchIndex: 0
  batches: 1e0000003c00000064000000
--- !u!4 &479392457
Transform:
  m_ObjectHideFlags: 0
  m_PrefabParentObject: {fileID: 0}
  m_PrefabInternal: {fileID: 0}
  m_GameObject: {fileID: 479392454}
  m_LocalRotation: {x: 0, y: 0, z: 0, w: 1}
  m_LocalPosition: {x: 0, y: 0, z: 0}
  m_LocalScale: {x: 1, y: 1, z: 1}
  m_LocalEulerAnglesHint: {x: 0, y: 0, z: 0}
  m_Children: []
  m_Father: {fileID: 0}
  m_RootOrder: 4
--- !u!114 &479392458
MonoBehaviour:
  m_ObjectHideFlags: 0
  m_PrefabParentObject: {fileID: 0}
  m_PrefabInternal: {fileID: 0}
  m_GameObject: {fileID: 479392454}
  m_Enabled: 1
  m_EditorHideFlags: 0
  m_Script: {fileID: 11500000, guid: d14bde5e3064cf746a5ad40f65f70e59, type: 3}
  m_Name: 
  m_EditorClassIdentifier: 
  updateInterval: 0.5
--- !u!1001 &510226399
Prefab:
  m_ObjectHideFlags: 0
  serializedVersion: 2
  m_Modification:
    m_TransformParent: {fileID: 1668562481}
    m_Modifications:
    - target: {fileID: 414306, guid: 4aaa88dfc83f2dd469fd9fba0d73a291, type: 2}
      propertyPath: m_LocalPosition.x
      value: 0
      objectReference: {fileID: 0}
    - target: {fileID: 414306, guid: 4aaa88dfc83f2dd469fd9fba0d73a291, type: 2}
      propertyPath: m_LocalPosition.y
      value: 0
      objectReference: {fileID: 0}
    - target: {fileID: 414306, guid: 4aaa88dfc83f2dd469fd9fba0d73a291, type: 2}
      propertyPath: m_LocalPosition.z
      value: 0
      objectReference: {fileID: 0}
    - target: {fileID: 414306, guid: 4aaa88dfc83f2dd469fd9fba0d73a291, type: 2}
      propertyPath: m_LocalRotation.x
      value: 0
      objectReference: {fileID: 0}
    - target: {fileID: 414306, guid: 4aaa88dfc83f2dd469fd9fba0d73a291, type: 2}
      propertyPath: m_LocalRotation.y
      value: 0
      objectReference: {fileID: 0}
    - target: {fileID: 414306, guid: 4aaa88dfc83f2dd469fd9fba0d73a291, type: 2}
      propertyPath: m_LocalRotation.z
      value: 0
      objectReference: {fileID: 0}
    - target: {fileID: 414306, guid: 4aaa88dfc83f2dd469fd9fba0d73a291, type: 2}
      propertyPath: m_LocalRotation.w
      value: 1
      objectReference: {fileID: 0}
    - target: {fileID: 414306, guid: 4aaa88dfc83f2dd469fd9fba0d73a291, type: 2}
      propertyPath: m_RootOrder
      value: 1
      objectReference: {fileID: 0}
    m_RemovedComponents: []
  m_ParentPrefab: {fileID: 100100000, guid: 4aaa88dfc83f2dd469fd9fba0d73a291, type: 2}
  m_RootGameObject: {fileID: 1887391149}
  m_IsPrefabParent: 0
--- !u!4 &510226400
Transform:
  m_ObjectHideFlags: 0
  m_PrefabParentObject: {fileID: 414306, guid: 4aaa88dfc83f2dd469fd9fba0d73a291, type: 2}
  m_PrefabInternal: {fileID: 510226399}
  m_GameObject: {fileID: 1887391149}
  m_LocalRotation: {x: 0, y: 0, z: 0, w: 1}
  m_LocalPosition: {x: 0, y: 0, z: 0}
  m_LocalScale: {x: 1, y: 1, z: 1}
  m_LocalEulerAnglesHint: {x: 0, y: 0, z: 0}
  m_Children: []
  m_Father: {fileID: 1668562481}
  m_RootOrder: 1
--- !u!1001 &626096212
Prefab:
  m_ObjectHideFlags: 0
  serializedVersion: 2
  m_Modification:
    m_TransformParent: {fileID: 1668562481}
    m_Modifications:
    - target: {fileID: 402222, guid: 02c33a266e6b9784892e2d14b19ca50c, type: 2}
      propertyPath: m_LocalPosition.x
      value: 0
      objectReference: {fileID: 0}
    - target: {fileID: 402222, guid: 02c33a266e6b9784892e2d14b19ca50c, type: 2}
      propertyPath: m_LocalPosition.y
      value: 0
      objectReference: {fileID: 0}
    - target: {fileID: 402222, guid: 02c33a266e6b9784892e2d14b19ca50c, type: 2}
      propertyPath: m_LocalPosition.z
      value: 0
      objectReference: {fileID: 0}
    - target: {fileID: 402222, guid: 02c33a266e6b9784892e2d14b19ca50c, type: 2}
      propertyPath: m_LocalRotation.x
      value: 0
      objectReference: {fileID: 0}
    - target: {fileID: 402222, guid: 02c33a266e6b9784892e2d14b19ca50c, type: 2}
      propertyPath: m_LocalRotation.y
      value: 0
      objectReference: {fileID: 0}
    - target: {fileID: 402222, guid: 02c33a266e6b9784892e2d14b19ca50c, type: 2}
      propertyPath: m_LocalRotation.z
      value: 0
      objectReference: {fileID: 0}
    - target: {fileID: 402222, guid: 02c33a266e6b9784892e2d14b19ca50c, type: 2}
      propertyPath: m_LocalRotation.w
      value: 1
      objectReference: {fileID: 0}
    - target: {fileID: 402222, guid: 02c33a266e6b9784892e2d14b19ca50c, type: 2}
      propertyPath: m_RootOrder
      value: 3
      objectReference: {fileID: 0}
    m_RemovedComponents: []
  m_ParentPrefab: {fileID: 100100000, guid: 02c33a266e6b9784892e2d14b19ca50c, type: 2}
  m_RootGameObject: {fileID: 1909017882}
  m_IsPrefabParent: 0
--- !u!4 &626096213
Transform:
  m_ObjectHideFlags: 0
  m_PrefabParentObject: {fileID: 402222, guid: 02c33a266e6b9784892e2d14b19ca50c, type: 2}
  m_PrefabInternal: {fileID: 626096212}
  m_GameObject: {fileID: 1909017882}
  m_LocalRotation: {x: 0, y: 0, z: 0, w: 1}
  m_LocalPosition: {x: 0, y: 0, z: 0}
  m_LocalScale: {x: 1, y: 1, z: 1}
  m_LocalEulerAnglesHint: {x: 0, y: 0, z: 0}
  m_Children: []
  m_Father: {fileID: 1668562481}
  m_RootOrder: 3
--- !u!1001 &635786573
Prefab:
  m_ObjectHideFlags: 0
  serializedVersion: 2
  m_Modification:
    m_TransformParent: {fileID: 1668562481}
    m_Modifications:
    - target: {fileID: 493258, guid: cb61fc7c613a73e47a6acaffe15e8ba1, type: 2}
      propertyPath: m_LocalPosition.x
      value: 0
      objectReference: {fileID: 0}
    - target: {fileID: 493258, guid: cb61fc7c613a73e47a6acaffe15e8ba1, type: 2}
      propertyPath: m_LocalPosition.y
      value: 0
      objectReference: {fileID: 0}
    - target: {fileID: 493258, guid: cb61fc7c613a73e47a6acaffe15e8ba1, type: 2}
      propertyPath: m_LocalPosition.z
      value: 0
      objectReference: {fileID: 0}
    - target: {fileID: 493258, guid: cb61fc7c613a73e47a6acaffe15e8ba1, type: 2}
      propertyPath: m_LocalRotation.x
      value: 0
      objectReference: {fileID: 0}
    - target: {fileID: 493258, guid: cb61fc7c613a73e47a6acaffe15e8ba1, type: 2}
      propertyPath: m_LocalRotation.y
      value: 0
      objectReference: {fileID: 0}
    - target: {fileID: 493258, guid: cb61fc7c613a73e47a6acaffe15e8ba1, type: 2}
      propertyPath: m_LocalRotation.z
      value: 0
      objectReference: {fileID: 0}
    - target: {fileID: 493258, guid: cb61fc7c613a73e47a6acaffe15e8ba1, type: 2}
      propertyPath: m_LocalRotation.w
      value: 1
      objectReference: {fileID: 0}
    - target: {fileID: 493258, guid: cb61fc7c613a73e47a6acaffe15e8ba1, type: 2}
      propertyPath: m_RootOrder
      value: 2
      objectReference: {fileID: 0}
    m_RemovedComponents: []
  m_ParentPrefab: {fileID: 100100000, guid: cb61fc7c613a73e47a6acaffe15e8ba1, type: 2}
  m_RootGameObject: {fileID: 312825011}
  m_IsPrefabParent: 0
--- !u!4 &635786574
Transform:
  m_ObjectHideFlags: 0
  m_PrefabParentObject: {fileID: 493258, guid: cb61fc7c613a73e47a6acaffe15e8ba1, type: 2}
  m_PrefabInternal: {fileID: 635786573}
  m_GameObject: {fileID: 312825011}
  m_LocalRotation: {x: 0, y: 0, z: 0, w: 1}
  m_LocalPosition: {x: 0, y: 0, z: 0}
  m_LocalScale: {x: 1, y: 1, z: 1}
  m_LocalEulerAnglesHint: {x: 0, y: 0, z: 0}
  m_Children: []
  m_Father: {fileID: 1668562481}
  m_RootOrder: 2
--- !u!1 &1037704679
GameObject:
  m_ObjectHideFlags: 0
  m_PrefabParentObject: {fileID: 0}
  m_PrefabInternal: {fileID: 0}
  serializedVersion: 4
  m_Component:
  - 4: {fileID: 1037704684}
  - 20: {fileID: 1037704683}
  - 92: {fileID: 1037704682}
  - 124: {fileID: 1037704681}
  - 81: {fileID: 1037704680}
  m_Layer: 0
  m_Name: Main Camera
  m_TagString: MainCamera
  m_Icon: {fileID: 0}
  m_NavMeshLayer: 0
  m_StaticEditorFlags: 0
  m_IsActive: 1
--- !u!81 &1037704680
AudioListener:
  m_ObjectHideFlags: 0
  m_PrefabParentObject: {fileID: 0}
  m_PrefabInternal: {fileID: 0}
  m_GameObject: {fileID: 1037704679}
  m_Enabled: 1
--- !u!124 &1037704681
Behaviour:
  m_ObjectHideFlags: 0
  m_PrefabParentObject: {fileID: 0}
  m_PrefabInternal: {fileID: 0}
  m_GameObject: {fileID: 1037704679}
  m_Enabled: 1
--- !u!92 &1037704682
Behaviour:
  m_ObjectHideFlags: 0
  m_PrefabParentObject: {fileID: 0}
  m_PrefabInternal: {fileID: 0}
  m_GameObject: {fileID: 1037704679}
  m_Enabled: 1
--- !u!20 &1037704683
Camera:
  m_ObjectHideFlags: 0
  m_PrefabParentObject: {fileID: 0}
  m_PrefabInternal: {fileID: 0}
  m_GameObject: {fileID: 1037704679}
  m_Enabled: 1
  serializedVersion: 2
  m_ClearFlags: 1
  m_BackGroundColor: {r: 0.19215687, g: 0.3019608, b: 0.4745098, a: 0.019607844}
  m_NormalizedViewPortRect:
    serializedVersion: 2
    x: 0
    y: 0
    width: 1
    height: 1
  near clip plane: 0.3
  far clip plane: 1000
  field of view: 60
  orthographic: 0
  orthographic size: 5
  m_Depth: -1
  m_CullingMask:
    serializedVersion: 2
    m_Bits: 4294967295
  m_RenderingPath: -1
  m_TargetTexture: {fileID: 0}
  m_TargetDisplay: 0
  m_TargetEye: 3
  m_HDR: 0
  m_OcclusionCulling: 1
  m_StereoConvergence: 10
  m_StereoSeparation: 0.022
  m_StereoMirrorMode: 0
--- !u!4 &1037704684
Transform:
  m_ObjectHideFlags: 0
  m_PrefabParentObject: {fileID: 0}
  m_PrefabInternal: {fileID: 0}
  m_GameObject: {fileID: 1037704679}
  m_LocalRotation: {x: 0.07086765, y: 0.9132457, z: -0.18066819, w: 0.35821664}
  m_LocalPosition: {x: -251.31958, y: -5.651573, z: -195.70494}
  m_LocalScale: {x: 1, y: 1, z: 1}
  m_LocalEulerAnglesHint: {x: 22.3808, y: 137.1653, z: 0.0002}
  m_Children: []
  m_Father: {fileID: 0}
  m_RootOrder: 0
--- !u!1 &1058677574
GameObject:
  m_ObjectHideFlags: 0
  m_PrefabParentObject: {fileID: 167276, guid: 18157c709d3a80443a5c6a0cae6d0307, type: 2}
  m_PrefabInternal: {fileID: 1718966682}
  serializedVersion: 4
  m_Component:
  - 4: {fileID: 1718966683}
  - 33: {fileID: 1058677576}
  - 23: {fileID: 1058677575}
  m_Layer: 0
  m_Name: sphere10
  m_TagString: Exploder
  m_Icon: {fileID: 0}
  m_NavMeshLayer: 0
  m_StaticEditorFlags: 0
  m_IsActive: 0
--- !u!23 &1058677575
MeshRenderer:
  m_ObjectHideFlags: 0
  m_PrefabParentObject: {fileID: 2357368, guid: 18157c709d3a80443a5c6a0cae6d0307,
    type: 2}
  m_PrefabInternal: {fileID: 1718966682}
  m_GameObject: {fileID: 1058677574}
  m_Enabled: 1
  m_CastShadows: 1
  m_ReceiveShadows: 1
  m_MotionVectors: 1
  m_LightProbeUsage: 1
  m_ReflectionProbeUsage: 1
  m_Materials:
  - {fileID: 2100000, guid: a77b3e1291508304ea439be9e980c363, type: 2}
  m_SubsetIndices: 
  m_StaticBatchRoot: {fileID: 0}
  m_ProbeAnchor: {fileID: 0}
  m_LightProbeVolumeOverride: {fileID: 0}
  m_ScaleInLightmap: 1
  m_PreserveUVs: 0
  m_IgnoreNormalsForChartDetection: 0
  m_ImportantGI: 0
  m_SelectedWireframeHidden: 0
  m_MinimumChartSize: 4
  m_AutoUVMaxDistance: 0.5
  m_AutoUVMaxAngle: 89
  m_LightmapParameters: {fileID: 0}
  m_SortingLayerID: 0
  m_SortingOrder: 0
--- !u!33 &1058677576
MeshFilter:
  m_ObjectHideFlags: 0
  m_PrefabParentObject: {fileID: 3355760, guid: 18157c709d3a80443a5c6a0cae6d0307,
    type: 2}
  m_PrefabInternal: {fileID: 1718966682}
  m_GameObject: {fileID: 1058677574}
  m_Mesh: {fileID: 4300000, guid: edaae3234f15d9b449f29e9baa0ab58d, type: 2}
--- !u!1001 &1296657429
Prefab:
  m_ObjectHideFlags: 0
  serializedVersion: 2
  m_Modification:
    m_TransformParent: {fileID: 0}
    m_Modifications:
    - target: {fileID: 400000, guid: 4d83041cf64e7214587bdfcd756c5646, type: 2}
      propertyPath: m_LocalPosition.x
      value: 0
      objectReference: {fileID: 0}
    - target: {fileID: 400000, guid: 4d83041cf64e7214587bdfcd756c5646, type: 2}
      propertyPath: m_LocalPosition.y
      value: 12.38
      objectReference: {fileID: 0}
    - target: {fileID: 400000, guid: 4d83041cf64e7214587bdfcd756c5646, type: 2}
      propertyPath: m_LocalPosition.z
      value: 9.72
      objectReference: {fileID: 0}
    - target: {fileID: 400000, guid: 4d83041cf64e7214587bdfcd756c5646, type: 2}
      propertyPath: m_LocalRotation.x
      value: 0
      objectReference: {fileID: 0}
    - target: {fileID: 400000, guid: 4d83041cf64e7214587bdfcd756c5646, type: 2}
      propertyPath: m_LocalRotation.y
      value: 0.6877847
      objectReference: {fileID: 0}
    - target: {fileID: 400000, guid: 4d83041cf64e7214587bdfcd756c5646, type: 2}
      propertyPath: m_LocalRotation.z
      value: 0
      objectReference: {fileID: 0}
    - target: {fileID: 400000, guid: 4d83041cf64e7214587bdfcd756c5646, type: 2}
      propertyPath: m_LocalRotation.w
      value: 0.7259148
      objectReference: {fileID: 0}
    - target: {fileID: 400000, guid: 4d83041cf64e7214587bdfcd756c5646, type: 2}
      propertyPath: m_RootOrder
      value: 2
      objectReference: {fileID: 0}
    - target: {fileID: 11400002, guid: 4d83041cf64e7214587bdfcd756c5646, type: 2}
      propertyPath: TargetFragments
      value: 30
      objectReference: {fileID: 0}
    - target: {fileID: 11400002, guid: 4d83041cf64e7214587bdfcd756c5646, type: 2}
      propertyPath: DeactivateOptions
      value: 2
      objectReference: {fileID: 0}
    - target: {fileID: 11400002, guid: 4d83041cf64e7214587bdfcd756c5646, type: 2}
      propertyPath: DeactivateTimeout
      value: 1
      objectReference: {fileID: 0}
    - target: {fileID: 11400002, guid: 4d83041cf64e7214587bdfcd756c5646, type: 2}
      propertyPath: FrameBudget
      value: 15
      objectReference: {fileID: 0}
    - target: {fileID: 11400002, guid: 4d83041cf64e7214587bdfcd756c5646, type: 2}
      propertyPath: ThreadOption
      value: 2
      objectReference: {fileID: 0}
    m_RemovedComponents: []
  m_ParentPrefab: {fileID: 100100000, guid: 4d83041cf64e7214587bdfcd756c5646, type: 2}
  m_RootGameObject: {fileID: 67115042}
  m_IsPrefabParent: 0
--- !u!1 &1584750222
GameObject:
  m_ObjectHideFlags: 0
  m_PrefabParentObject: {fileID: 0}
  m_PrefabInternal: {fileID: 0}
  serializedVersion: 4
  m_Component:
  - 4: {fileID: 1584750224}
  - 108: {fileID: 1584750223}
  m_Layer: 0
  m_Name: Directional Light
  m_TagString: Untagged
  m_Icon: {fileID: 0}
  m_NavMeshLayer: 0
  m_StaticEditorFlags: 0
  m_IsActive: 1
--- !u!108 &1584750223
Light:
  m_ObjectHideFlags: 0
  m_PrefabParentObject: {fileID: 0}
  m_PrefabInternal: {fileID: 0}
  m_GameObject: {fileID: 1584750222}
  m_Enabled: 1
  serializedVersion: 7
  m_Type: 1
  m_Color: {r: 1, g: 0.95686275, b: 0.8392157, a: 1}
  m_Intensity: 1
  m_Range: 10
  m_SpotAngle: 30
  m_CookieSize: 10
  m_Shadows:
    m_Type: 2
    m_Resolution: -1
    m_CustomResolution: -1
    m_Strength: 1
    m_Bias: 0.05
    m_NormalBias: 0.4
    m_NearPlane: 0.2
  m_Cookie: {fileID: 0}
  m_DrawHalo: 0
  m_Flare: {fileID: 0}
  m_RenderMode: 0
  m_CullingMask:
    serializedVersion: 2
    m_Bits: 4294967295
  m_Lightmapping: 4
  m_AreaSize: {x: 1, y: 1}
  m_BounceIntensity: 1
  m_ShadowRadius: 0
  m_ShadowAngle: 0
--- !u!4 &1584750224
Transform:
  m_ObjectHideFlags: 0
  m_PrefabParentObject: {fileID: 0}
  m_PrefabInternal: {fileID: 0}
  m_GameObject: {fileID: 1584750222}
  m_LocalRotation: {x: 0.40821794, y: -0.23456973, z: 0.109381676, w: 0.87542605}
  m_LocalPosition: {x: 0, y: 3, z: 0}
  m_LocalScale: {x: 1, y: 1, z: 1}
  m_LocalEulerAnglesHint: {x: 50, y: -30, z: 0}
  m_Children: []
  m_Father: {fileID: 0}
  m_RootOrder: 1
--- !u!1 &1668562480
GameObject:
  m_ObjectHideFlags: 0
  m_PrefabParentObject: {fileID: 0}
  m_PrefabInternal: {fileID: 0}
  serializedVersion: 4
  m_Component:
  - 4: {fileID: 1668562481}
  m_Layer: 0
  m_Name: TestObjects
  m_TagString: Untagged
  m_Icon: {fileID: 0}
  m_NavMeshLayer: 0
  m_StaticEditorFlags: 0
  m_IsActive: 1
--- !u!4 &1668562481
Transform:
  m_ObjectHideFlags: 0
  m_PrefabParentObject: {fileID: 0}
  m_PrefabInternal: {fileID: 0}
  m_GameObject: {fileID: 1668562480}
  m_LocalRotation: {x: 0, y: 0, z: 0, w: 1}
  m_LocalPosition: {x: 114.07385, y: 100.90653, z: -121.47831}
  m_LocalScale: {x: 1, y: 1, z: 1}
  m_LocalEulerAnglesHint: {x: 0, y: 0, z: 0}
  m_Children:
  - {fileID: 1718966683}
  - {fileID: 510226400}
  - {fileID: 635786574}
  - {fileID: 626096213}
  m_Father: {fileID: 0}
  m_RootOrder: 3
--- !u!1001 &1718966682
Prefab:
  m_ObjectHideFlags: 0
  serializedVersion: 2
  m_Modification:
    m_TransformParent: {fileID: 1668562481}
    m_Modifications:
    - target: {fileID: 402518, guid: 18157c709d3a80443a5c6a0cae6d0307, type: 2}
      propertyPath: m_LocalPosition.x
      value: 0
      objectReference: {fileID: 0}
    - target: {fileID: 402518, guid: 18157c709d3a80443a5c6a0cae6d0307, type: 2}
      propertyPath: m_LocalPosition.y
      value: 0
      objectReference: {fileID: 0}
    - target: {fileID: 402518, guid: 18157c709d3a80443a5c6a0cae6d0307, type: 2}
      propertyPath: m_LocalPosition.z
      value: 0
      objectReference: {fileID: 0}
    - target: {fileID: 402518, guid: 18157c709d3a80443a5c6a0cae6d0307, type: 2}
      propertyPath: m_LocalRotation.x
      value: 0
      objectReference: {fileID: 0}
    - target: {fileID: 402518, guid: 18157c709d3a80443a5c6a0cae6d0307, type: 2}
      propertyPath: m_LocalRotation.y
      value: 0
      objectReference: {fileID: 0}
    - target: {fileID: 402518, guid: 18157c709d3a80443a5c6a0cae6d0307, type: 2}
      propertyPath: m_LocalRotation.z
      value: 0
      objectReference: {fileID: 0}
    - target: {fileID: 402518, guid: 18157c709d3a80443a5c6a0cae6d0307, type: 2}
      propertyPath: m_LocalRotation.w
      value: 1
      objectReference: {fileID: 0}
    - target: {fileID: 402518, guid: 18157c709d3a80443a5c6a0cae6d0307, type: 2}
      propertyPath: m_RootOrder
      value: 0
      objectReference: {fileID: 0}
    - target: {fileID: 167276, guid: 18157c709d3a80443a5c6a0cae6d0307, type: 2}
      propertyPath: m_IsActive
      value: 0
      objectReference: {fileID: 0}
    m_RemovedComponents: []
  m_ParentPrefab: {fileID: 100100000, guid: 18157c709d3a80443a5c6a0cae6d0307, type: 2}
  m_RootGameObject: {fileID: 1058677574}
  m_IsPrefabParent: 0
--- !u!4 &1718966683
Transform:
  m_ObjectHideFlags: 0
  m_PrefabParentObject: {fileID: 402518, guid: 18157c709d3a80443a5c6a0cae6d0307, type: 2}
  m_PrefabInternal: {fileID: 1718966682}
  m_GameObject: {fileID: 1058677574}
  m_LocalRotation: {x: 0, y: 0, z: 0, w: 1}
  m_LocalPosition: {x: 0, y: 0, z: 0}
  m_LocalScale: {x: 1, y: 1, z: 1}
  m_LocalEulerAnglesHint: {x: 0, y: 0, z: 0}
  m_Children: []
  m_Father: {fileID: 1668562481}
  m_RootOrder: 0
--- !u!1 &1887391149
GameObject:
  m_ObjectHideFlags: 0
  m_PrefabParentObject: {fileID: 158112, guid: 4aaa88dfc83f2dd469fd9fba0d73a291, type: 2}
  m_PrefabInternal: {fileID: 510226399}
  serializedVersion: 4
  m_Component:
  - 4: {fileID: 510226400}
  - 33: {fileID: 1887391151}
  - 23: {fileID: 1887391150}
  m_Layer: 0
  m_Name: sphere100
  m_TagString: Exploder
  m_Icon: {fileID: 0}
  m_NavMeshLayer: 0
  m_StaticEditorFlags: 0
  m_IsActive: 0
--- !u!23 &1887391150
MeshRenderer:
  m_ObjectHideFlags: 0
  m_PrefabParentObject: {fileID: 2321182, guid: 4aaa88dfc83f2dd469fd9fba0d73a291,
    type: 2}
  m_PrefabInternal: {fileID: 510226399}
  m_GameObject: {fileID: 1887391149}
  m_Enabled: 1
  m_CastShadows: 1
  m_ReceiveShadows: 1
  m_MotionVectors: 1
  m_LightProbeUsage: 1
  m_ReflectionProbeUsage: 1
  m_Materials:
  - {fileID: 2100000, guid: 0994f12d3d86bcf40b86b652af12bbd0, type: 2}
  m_SubsetIndices: 
  m_StaticBatchRoot: {fileID: 0}
  m_ProbeAnchor: {fileID: 0}
  m_LightProbeVolumeOverride: {fileID: 0}
  m_ScaleInLightmap: 1
  m_PreserveUVs: 0
  m_IgnoreNormalsForChartDetection: 0
  m_ImportantGI: 0
  m_SelectedWireframeHidden: 0
  m_MinimumChartSize: 4
  m_AutoUVMaxDistance: 0.5
  m_AutoUVMaxAngle: 89
  m_LightmapParameters: {fileID: 0}
  m_SortingLayerID: 0
  m_SortingOrder: 0
--- !u!33 &1887391151
MeshFilter:
  m_ObjectHideFlags: 0
  m_PrefabParentObject: {fileID: 3324572, guid: 4aaa88dfc83f2dd469fd9fba0d73a291,
    type: 2}
  m_PrefabInternal: {fileID: 510226399}
  m_GameObject: {fileID: 1887391149}
  m_Mesh: {fileID: 4300000, guid: 150a25eff38254a4ab752f9cb3b74f1d, type: 2}
--- !u!1 &1909017882
GameObject:
  m_ObjectHideFlags: 0
  m_PrefabParentObject: {fileID: 197712, guid: 02c33a266e6b9784892e2d14b19ca50c, type: 2}
  m_PrefabInternal: {fileID: 626096212}
  serializedVersion: 4
  m_Component:
  - 4: {fileID: 626096213}
  - 33: {fileID: 1909017884}
  - 23: {fileID: 1909017883}
  m_Layer: 0
  m_Name: sphere10000
  m_TagString: Exploder
  m_Icon: {fileID: 0}
  m_NavMeshLayer: 0
  m_StaticEditorFlags: 0
  m_IsActive: 0
--- !u!23 &1909017883
MeshRenderer:
  m_ObjectHideFlags: 0
  m_PrefabParentObject: {fileID: 2308076, guid: 02c33a266e6b9784892e2d14b19ca50c,
    type: 2}
  m_PrefabInternal: {fileID: 626096212}
  m_GameObject: {fileID: 1909017882}
  m_Enabled: 1
  m_CastShadows: 1
  m_ReceiveShadows: 1
  m_MotionVectors: 1
  m_LightProbeUsage: 1
  m_ReflectionProbeUsage: 1
  m_Materials:
  - {fileID: 2100000, guid: 0994f12d3d86bcf40b86b652af12bbd0, type: 2}
  m_SubsetIndices: 
  m_StaticBatchRoot: {fileID: 0}
  m_ProbeAnchor: {fileID: 0}
  m_LightProbeVolumeOverride: {fileID: 0}
  m_ScaleInLightmap: 1
  m_PreserveUVs: 0
  m_IgnoreNormalsForChartDetection: 0
  m_ImportantGI: 0
  m_SelectedWireframeHidden: 0
  m_MinimumChartSize: 4
  m_AutoUVMaxDistance: 0.5
  m_AutoUVMaxAngle: 89
  m_LightmapParameters: {fileID: 0}
  m_SortingLayerID: 0
  m_SortingOrder: 0
--- !u!33 &1909017884
MeshFilter:
  m_ObjectHideFlags: 0
  m_PrefabParentObject: {fileID: 3324198, guid: 02c33a266e6b9784892e2d14b19ca50c,
    type: 2}
  m_PrefabInternal: {fileID: 626096212}
  m_GameObject: {fileID: 1909017882}
  m_Mesh: {fileID: 4300000, guid: 683585cef485a83488fc931d301842ea, type: 2}
