%YAML 1.1
%TAG !u! tag:unity3d.com,2011:
--- !u!1 &165018
GameObject:
  m_ObjectHideFlags: 0
  m_PrefabParentObject: {fileID: 0}
  m_PrefabInternal: {fileID: 100100000}
  serializedVersion: 4
  m_Component:
  - 4: {fileID: 446514}
  - 114: {fileID: 11404980}
  - 114: {fileID: 11463074}
  - 114: {fileID: 11474726}
  m_Layer: 0
  m_Name: LevelManager
  m_TagString: Untagged
  m_Icon: {fileID: 0}
  m_NavMeshLayer: 0
  m_StaticEditorFlags: 0
  m_IsActive: 1
--- !u!4 &446514
Transform:
  m_ObjectHideFlags: 1
  m_PrefabParentObject: {fileID: 0}
  m_PrefabInternal: {fileID: 100100000}
  m_GameObject: {fileID: 165018}
  m_LocalRotation: {x: 0, y: 0, z: 0, w: 1}
  m_LocalPosition: {x: -3.2, y: 0, z: 0.5}
  m_LocalScale: {x: 1, y: 1, z: 1}
  m_LocalEulerAnglesHint: {x: 0, y: 0, z: 0}
  m_Children: []
  m_Father: {fileID: 0}
  m_RootOrder: 0
--- !u!114 &11404980
MonoBehaviour:
  m_ObjectHideFlags: 1
  m_PrefabParentObject: {fileID: 0}
  m_PrefabInternal: {fileID: 100100000}
  m_GameObject: {fileID: 165018}
  m_Enabled: 1
  m_EditorHideFlags: 0
  m_Script: {fileID: 11500000, guid: 47304b9c0ff0f6d40aca25f22e62424f, type: 3}
  m_Name: 
  m_EditorClassIdentifier: 
  StartingTrack: {fileID: 0}
  OfflineCamera: {fileID: 0}
  PlayerCamera: {fileID: 198252, guid: 3a86d3b9a261bb747a44d921de689352, type: 2}
  Prefabs: {fileID: 11490624, guid: 3901543b16c519d4280e512e0b44dfeb, type: 2}
  InGameCanvas: {fileID: 129898, guid: 1a5907ba4716e5543838f078917c7703, type: 2}
  PauseCanvas: {fileID: 113216, guid: f850a61cb87ed9044ac669cb98f533ec, type: 2}
  SpawningPoints: {fileID: 0}
  ExploderPrefab: {fileID: 100000, guid: 4d83041cf64e7214587bdfcd756c5646, type: 2}
  DeltaTimeSamples: 60
  InventoryExhaustedColor: {r: 0.5, g: 0.5, b: 0.5, a: 1}
  TrackRadius: 30
  TackDistFromWall: 3
--- !u!114 &11463074
MonoBehaviour:
  m_ObjectHideFlags: 1
  m_PrefabParentObject: {fileID: 0}
  m_PrefabInternal: {fileID: 100100000}
  m_GameObject: {fileID: 165018}
  m_Enabled: 1
  m_EditorHideFlags: 0
  m_Script: {fileID: 372142912, guid: 870353891bb340e2b2a9c8707e7419ba, type: 3}
  m_Name: 
  m_EditorClassIdentifier: 
  m_SceneId:
    m_Value: 0
  m_AssetId:
    i0: 49
    i1: 15
    i2: 195
    i3: 25
    i4: 252
    i5: 16
    i6: 96
    i7: 84
    i8: 25
    i9: 10
    i10: 64
    i11: 125
    i12: 71
    i13: 74
    i14: 141
    i15: 62
  m_ServerOnly: 0
  m_LocalPlayerAuthority: 0
--- !u!114 &11474726
MonoBehaviour:
  m_ObjectHideFlags: 1
  m_PrefabParentObject: {fileID: 0}
  m_PrefabInternal: {fileID: 100100000}
  m_GameObject: {fileID: 165018}
  m_Enabled: 0
  m_EditorHideFlags: 0
  m_Script: {fileID: 1384774831, guid: de72a6d2da64d114d95e3c5a01cfaec5, type: 3}
  m_Name: 
  m_EditorClassIdentifier: 
  fsm:
    usedInTemplate: {fileID: 0}
    name: FSM
    startState: TransitionIn
    states:
    - name: Init
      description: 
      colorIndex: 0
      position:
        serializedVersion: 2
        x: 249
        y: 105
        width: 100
        height: 32
      isBreakpoint: 0
      isSequence: 0
      hideUnused: 0
      transitions:
      - fsmEvent:
          name: FINISHED
          isSystemEvent: 1
          isGlobal: 0
        toState: Playing
        linkStyle: 0
        linkConstraint: 0
        colorIndex: 0
      actionData:
        actionNames:
        - HutongGames.PlayMaker.Actions.FindGameObject
        - HutongGames.PlayMaker.Actions.FindGameObject
        customNames:
        - 
        - 
        actionEnabled: 0101
        actionIsOpen: 0101
        actionStartIndex: 0000000003000000
        actionHashCodes: c54a778fc54a778f
        unityObjectParams: []
        fsmGameObjectParams:
        - useVariable: 1
          name: MainCamera
          tooltip: 
          showInInspector: 0
          networkSync: 0
          value: {fileID: 0}
        - useVariable: 1
          name: Player
          tooltip: 
          showInInspector: 0
          networkSync: 0
          value: {fileID: 0}
        fsmOwnerDefaultParams: []
        animationCurveParams: []
        functionCallParams: []
        fsmTemplateControlParams: []
        fsmEventTargetParams: []
        fsmPropertyParams: []
        layoutOptionParams: []
        fsmStringParams:
        - useVariable: 0
          name: 
          tooltip: 
          showInInspector: 0
          networkSync: 0
          value: 
        - useVariable: 0
          name: 
          tooltip: 
          showInInspector: 0
          networkSync: 0
          value: MainCamera
        - useVariable: 0
          name: 
          tooltip: 
          showInInspector: 0
          networkSync: 0
          value: 
        - useVariable: 0
          name: 
          tooltip: 
          showInInspector: 0
          networkSync: 0
          value: Player
        fsmObjectParams: []
        fsmVarParams: []
        byteData: 
        arrayParamSizes: 
        arrayParamTypes: []
        customTypeSizes: 
        customTypeNames: []
        paramDataType: 120000001200000013000000120000001200000013000000
        paramName:
        - objectName
        - withTag
        - store
        - objectName
        - withTag
        - store
        paramDataPos: 000000000100000000000000020000000300000001000000
        paramByteDataSize: 000000000000000000000000000000000000000000000000
    - name: TransitionIn
      description: 
      colorIndex: 0
      position:
        serializedVersion: 2
        x: 55.984375
        y: 129
        width: 100
        height: 32
      isBreakpoint: 0
      isSequence: 0
      hideUnused: 0
      transitions:
      - fsmEvent:
          name: FINISHED
          isSystemEvent: 1
          isGlobal: 0
        toState: Init
        linkStyle: 0
        linkConstraint: 0
        colorIndex: 0
      actionData:
        actionNames:
        - HutongGames.PlayMaker.Actions.FindGameObject
        - HutongGames.PlayMaker.Actions.PlayAnimation
        customNames:
        - 
        - 
        actionEnabled: 0101
        actionIsOpen: 0101
        actionStartIndex: 0000000003000000
        actionHashCodes: c54a778f6e06efc0
        unityObjectParams: []
        fsmGameObjectParams:
        - useVariable: 1
          name: MainCamera
          tooltip: 
          showInInspector: 0
          networkSync: 0
          value: {fileID: 0}
        fsmOwnerDefaultParams:
        - ownerOption: 1
          gameObject:
            useVariable: 1
            name: MainCamera
            tooltip: 
            showInInspector: 0
            networkSync: 0
            value: {fileID: 0}
        animationCurveParams: []
        functionCallParams: []
        fsmTemplateControlParams: []
        fsmEventTargetParams: []
        fsmPropertyParams: []
        layoutOptionParams: []
        fsmStringParams:
        - useVariable: 0
          name: 
          tooltip: 
          showInInspector: 0
          networkSync: 0
          value: 
        - useVariable: 0
          name: 
          tooltip: 
          showInInspector: 0
          networkSync: 0
          value: MainCamera
        - useVariable: 0
          name: 
          tooltip: 
          showInInspector: 0
          networkSync: 0
          value: TransitionIn
        fsmObjectParams: []
        fsmVarParams: []
        byteData: 04000000000000000046494e495348454400
        arrayParamSizes: 
        arrayParamTypes: []
        customTypeSizes: 
        customTypeNames: []
        paramDataType: 1200000012000000130000001400000012000000070000000f000000170000001700000001000000
        paramName:
        - objectName
        - withTag
        - store
        - gameObject
        - animName
        - playMode
        - blendTime
        - finishEvent
        - loopEvent
        - stopOnExit
        paramDataPos: 00000000010000000000000000000000020000000000000004000000090000001100000011000000
        paramByteDataSize: 00000000000000000000000000000000000000000400000005000000080000000000000001000000
    - name: Playing
      description: 
      colorIndex: 0
      position:
        serializedVersion: 2
        x: 427
        y: 158
        width: 100
        height: 32
      isBreakpoint: 0
      isSequence: 0
      hideUnused: 0
      transitions:
      - fsmEvent:
          name: FallOfDeath
          isSystemEvent: 0
          isGlobal: 0
        toState: TransitionOut
        linkStyle: 0
        linkConstraint: 0
        colorIndex: 0
      actionData:
        actionNames: []
        customNames: []
        actionEnabled: 
        actionIsOpen: 
        actionStartIndex: 
        actionHashCodes: 
        unityObjectParams: []
        fsmGameObjectParams: []
        fsmOwnerDefaultParams: []
        animationCurveParams: []
        functionCallParams: []
        fsmTemplateControlParams: []
        fsmEventTargetParams: []
        fsmPropertyParams: []
        layoutOptionParams: []
        fsmStringParams: []
        fsmObjectParams: []
        fsmVarParams: []
        byteData: 
        arrayParamSizes: 
        arrayParamTypes: []
        customTypeSizes: 
        customTypeNames: []
        paramDataType: 
        paramName: []
        paramDataPos: 
        paramByteDataSize: 
    - name: TransitionOut
      description: 
      colorIndex: 0
      position:
        serializedVersion: 2
        x: 445
        y: 299
        width: 110
        height: 32
      isBreakpoint: 0
      isSequence: 0
      hideUnused: 0
      transitions:
      - fsmEvent:
          name: FINISHED
          isSystemEvent: 1
          isGlobal: 0
        toState: Respawn
        linkStyle: 0
        linkConstraint: 0
        colorIndex: 0
      actionData:
        actionNames:
        - HutongGames.PlayMaker.Actions.PlayAnimation
        customNames:
        - 
        actionEnabled: 01
        actionIsOpen: 01
        actionStartIndex: 00000000
        actionHashCodes: 6e06efc0
        unityObjectParams: []
        fsmGameObjectParams: []
        fsmOwnerDefaultParams:
        - ownerOption: 1
          gameObject:
            useVariable: 1
            name: MainCamera
            tooltip: 
            showInInspector: 0
            networkSync: 0
            value: {fileID: 0}
        animationCurveParams: []
        functionCallParams: []
        fsmTemplateControlParams: []
        fsmEventTargetParams: []
        fsmPropertyParams: []
        layoutOptionParams: []
        fsmStringParams:
        - useVariable: 0
          name: 
          tooltip: 
          showInInspector: 0
          networkSync: 0
          value: TransitionOut
        fsmObjectParams: []
        fsmVarParams: []
        byteData: 04000000000000000046494e495348454400
        arrayParamSizes: 
        arrayParamTypes: []
        customTypeSizes: 
        customTypeNames: []
        paramDataType: 1400000012000000070000000f000000170000001700000001000000
        paramName:
        - gameObject
        - animName
        - playMode
        - blendTime
        - finishEvent
        - loopEvent
        - stopOnExit
        paramDataPos: 00000000000000000000000004000000090000001100000011000000
        paramByteDataSize: 00000000000000000400000005000000080000000000000001000000
    - name: Respawn
      description: 
      colorIndex: 0
      position:
        serializedVersion: 2
        x: 232
        y: 298
        width: 100
        height: 32
      isBreakpoint: 0
      isSequence: 0
      hideUnused: 0
      transitions:
      - fsmEvent:
          name: FINISHED
          isSystemEvent: 1
          isGlobal: 0
        toState: TransitionIn
        linkStyle: 0
        linkConstraint: 0
        colorIndex: 0
      actionData:
        actionNames:
        - HutongGames.PlayMaker.Actions.InvokeMethod
        customNames:
        - 
        actionEnabled: 01
        actionIsOpen: 01
        actionStartIndex: 00000000
        actionHashCodes: 0228a421
        unityObjectParams: []
        fsmGameObjectParams: []
        fsmOwnerDefaultParams:
        - ownerOption: 1
          gameObject:
            useVariable: 1
            name: Player
            tooltip: 
            showInInspector: 0
            networkSync: 0
            value: {fileID: 0}
        animationCurveParams: []
        functionCallParams: []
        fsmTemplateControlParams: []
        fsmEventTargetParams: []
        fsmPropertyParams: []
        layoutOptionParams: []
        fsmStringParams:
        - useVariable: 0
          name: 
          tooltip: 
          showInInspector: 0
          networkSync: 0
          value: Player
        - useVariable: 0
          name: 
          tooltip: 
          showInInspector: 0
          networkSync: 0
          value: OnRespawn
        fsmObjectParams: []
        fsmVarParams: []
        byteData: 000000000000000000803f000000
        arrayParamSizes: 
        arrayParamTypes: []
        customTypeSizes: 
        customTypeNames: []
        paramDataType: 1400000012000000120000000f000000110000000f00000011000000
        paramName:
        - gameObject
        - behaviour
        - methodName
        - delay
        - repeating
        - repeatDelay
        - cancelOnExit
        paramDataPos: 0000000000000000010000000000000005000000070000000c000000
        paramByteDataSize: 00000000000000000000000005000000020000000500000002000000
    events:
    - name: FINISHED
      isSystemEvent: 1
      isGlobal: 0
    - name: FallOfDeath
      isSystemEvent: 0
      isGlobal: 0
    globalTransitions: []
    variables:
      floatVariables: []
      intVariables: []
      boolVariables: []
      stringVariables: []
      vector2Variables: []
      vector3Variables: []
      colorVariables: []
      rectVariables: []
      quaternionVariables: []
      gameObjectVariables:
      - useVariable: 1
        name: MainCamera
        tooltip: 
        showInInspector: 0
        networkSync: 0
        value: {fileID: 0}
      - useVariable: 1
        name: Player
        tooltip: 
        showInInspector: 0
        networkSync: 0
        value: {fileID: 0}
      objectVariables: []
      materialVariables: []
      textureVariables: []
    description: 
    docUrl: 
    showStateLabel: 1
    maxLoopCount: 0
    watermark: 
    version: 0
    ExposedEvents: []
    RestartOnEnable: 1
    EnableDebugFlow: 0
    StepFrame: 0
    activeStateName: 
  fsmTemplate: {fileID: 0}
--- !u!1001 &100100000
Prefab:
  m_ObjectHideFlags: 1
  serializedVersion: 2
  m_Modification:
    m_TransformParent: {fileID: 0}
    m_Modifications:
    - target: {fileID: 0}
      propertyPath: MissileHitFactor
      value: .300000012
      objectReference: {fileID: 0}
    - target: {fileID: 0}
      propertyPath: Prefabs
      value: 
      objectReference: {fileID: 11490624, guid: 3901543b16c519d4280e512e0b44dfeb,
        type: 2}
    - target: {fileID: 0}
      propertyPath: SpawningPoints
      value: 
      objectReference: {fileID: 0}
    - target: {fileID: 0}
      propertyPath: InGameCanvas
      value: 
      objectReference: {fileID: 0}
    - target: {fileID: 0}
      propertyPath: DeltaTimeSamples
      value: 60
      objectReference: {fileID: 0}
    - target: {fileID: 0}
      propertyPath: PlayerCamera
      value: 
      objectReference: {fileID: 198252, guid: 3a86d3b9a261bb747a44d921de689352, type: 2}
    - target: {fileID: 0}
      propertyPath: PauseCanvas
      value: 
      objectReference: {fileID: 113216, guid: f850a61cb87ed9044ac669cb98f533ec, type: 2}
    m_RemovedComponents: []
  m_ParentPrefab: {fileID: 0}
  m_RootGameObject: {fileID: 165018}
  m_IsPrefabParent: 1
