%YAML 1.1
%TAG !u! tag:unity3d.com,2011:
--- !u!29 &1
SceneSettings:
  m_ObjectHideFlags: 0
  m_PVSData: 
  m_PVSObjectsArray: []
  m_PVSPortalsArray: []
  m_OcclusionBakeSettings:
    smallestOccluder: 5
    smallestHole: 0.25
    backfaceThreshold: 100
--- !u!104 &2
RenderSettings:
  m_ObjectHideFlags: 0
  serializedVersion: 7
  m_Fog: 0
  m_FogColor: {r: 0.5, g: 0.5, b: 0.5, a: 1}
  m_FogMode: 3
  m_FogDensity: 0.01
  m_LinearFogStart: 0
  m_LinearFogEnd: 300
  m_AmbientSkyColor: {r: 0.2, g: 0.2, b: 0.2, a: 1}
  m_AmbientEquatorColor: {r: 0.2, g: 0.2, b: 0.2, a: 1}
  m_AmbientGroundColor: {r: 0.2, g: 0.2, b: 0.2, a: 1}
  m_AmbientIntensity: 1
  m_AmbientMode: 3
  m_SkyboxMaterial: {fileID: 0}
  m_HaloStrength: 0.5
  m_FlareStrength: 1
  m_FlareFadeSpeed: 3
  m_HaloTexture: {fileID: 0}
  m_SpotCookie: {fileID: 10001, guid: 0000000000000000e000000000000000, type: 0}
  m_DefaultReflectionMode: 0
  m_DefaultReflectionResolution: 128
  m_ReflectionBounces: 1
  m_ReflectionIntensity: 1
  m_CustomReflection: {fileID: 0}
  m_Sun: {fileID: 0}
  m_IndirectSpecularColor: {r: 0, g: 0, b: 0, a: 1}
--- !u!157 &4
LightmapSettings:
  m_ObjectHideFlags: 0
  serializedVersion: 7
  m_GIWorkflowMode: 1
  m_GISettings:
    serializedVersion: 2
    m_BounceScale: 1
    m_IndirectOutputScale: 1
    m_AlbedoBoost: 1
    m_TemporalCoherenceThreshold: 1
    m_EnvironmentLightingMode: 0
    m_EnableBakedLightmaps: 1
    m_EnableRealtimeLightmaps: 0
  m_LightmapEditorSettings:
    serializedVersion: 4
    m_Resolution: 1
    m_BakeResolution: 50
    m_TextureWidth: 1024
    m_TextureHeight: 1024
    m_AO: 1
    m_AOMaxDistance: 1
    m_CompAOExponent: 1
    m_CompAOExponentDirect: 0
    m_Padding: 2
    m_LightmapParameters: {fileID: 0}
    m_LightmapsBakeMode: 1
    m_TextureCompression: 0
    m_DirectLightInLightProbes: 1
    m_FinalGather: 0
    m_FinalGatherFiltering: 1
    m_FinalGatherRayCount: 256
    m_ReflectionCompression: 2
  m_LightingDataAsset: {fileID: 0}
  m_RuntimeCPUUsage: 25
--- !u!196 &5
NavMeshSettings:
  serializedVersion: 2
  m_ObjectHideFlags: 0
  m_BuildSettings:
    serializedVersion: 2
    agentRadius: 0.5
    agentHeight: 2
    agentSlope: 45
    agentClimb: 0.4
    ledgeDropHeight: 0
    maxJumpAcrossDistance: 0
    accuratePlacement: 0
    minRegionArea: 2
    cellSize: 0.16666666
    manualCellSize: 0
  m_NavMeshData: {fileID: 0}
--- !u!1 &153459201
GameObject:
  m_ObjectHideFlags: 0
  m_PrefabParentObject: {fileID: 100018, guid: 8358b2b46d696ac41af4f680e94dabee, type: 2}
  m_PrefabInternal: {fileID: 1363074535}
  serializedVersion: 4
  m_Component:
  - 4: {fileID: 153459202}
  - 33: {fileID: 153459205}
  - 135: {fileID: 153459204}
  - 23: {fileID: 153459203}
  m_Layer: 0
  m_Name: Sphere
  m_TagString: Untagged
  m_Icon: {fileID: 0}
  m_NavMeshLayer: 0
  m_StaticEditorFlags: 0
  m_IsActive: 1
--- !u!4 &153459202
Transform:
  m_ObjectHideFlags: 0
  m_PrefabParentObject: {fileID: 400018, guid: 8358b2b46d696ac41af4f680e94dabee, type: 2}
  m_PrefabInternal: {fileID: 1363074535}
  m_GameObject: {fileID: 153459201}
  m_LocalRotation: {x: -0.21437313, y: -0.6191551, z: 0.6587608, w: -0.3697639}
  m_LocalPosition: {x: 8.9, y: 6.47, z: -15.24}
  m_LocalScale: {x: 17.018139, y: 17.018139, z: 17.018137}
  m_LocalEulerAnglesHint: {x: 0, y: 0, z: 0}
  m_Children: []
  m_Father: {fileID: 802356835}
  m_RootOrder: 0
--- !u!23 &153459203
MeshRenderer:
  m_ObjectHideFlags: 0
  m_PrefabParentObject: {fileID: 2300016, guid: 8358b2b46d696ac41af4f680e94dabee,
    type: 2}
  m_PrefabInternal: {fileID: 1363074535}
  m_GameObject: {fileID: 153459201}
  m_Enabled: 1
  m_CastShadows: 1
  m_ReceiveShadows: 1
  m_MotionVectors: 1
  m_LightProbeUsage: 0
  m_ReflectionProbeUsage: 1
  m_Materials:
  - {fileID: 2100000, guid: a1ec93de6313f924abaa57dbface4462, type: 2}
  m_SubsetIndices: 
  m_StaticBatchRoot: {fileID: 0}
  m_ProbeAnchor: {fileID: 0}
  m_LightProbeVolumeOverride: {fileID: 0}
  m_ScaleInLightmap: 1
  m_PreserveUVs: 0
  m_IgnoreNormalsForChartDetection: 0
  m_ImportantGI: 0
  m_SelectedWireframeHidden: 0
  m_MinimumChartSize: 4
  m_AutoUVMaxDistance: 0.5
  m_AutoUVMaxAngle: 89
  m_LightmapParameters: {fileID: 0}
  m_SortingLayerID: 0
  m_SortingOrder: 0
--- !u!135 &153459204
SphereCollider:
  m_ObjectHideFlags: 0
  m_PrefabParentObject: {fileID: 13500010, guid: 8358b2b46d696ac41af4f680e94dabee,
    type: 2}
  m_PrefabInternal: {fileID: 1363074535}
  m_GameObject: {fileID: 153459201}
  m_Material: {fileID: 0}
  m_IsTrigger: 0
  m_Enabled: 1
  serializedVersion: 2
  m_Radius: 0.5
  m_Center: {x: 0, y: 0, z: 0}
--- !u!33 &153459205
MeshFilter:
  m_ObjectHideFlags: 0
  m_PrefabParentObject: {fileID: 3300016, guid: 8358b2b46d696ac41af4f680e94dabee,
    type: 2}
  m_PrefabInternal: {fileID: 1363074535}
  m_GameObject: {fileID: 153459201}
  m_Mesh: {fileID: 10207, guid: 0000000000000000e000000000000000, type: 0}
--- !u!1 &244119599
GameObject:
  m_ObjectHideFlags: 0
  m_PrefabParentObject: {fileID: 100024, guid: 8358b2b46d696ac41af4f680e94dabee, type: 2}
  m_PrefabInternal: {fileID: 1363074535}
  serializedVersion: 4
  m_Component:
  - 4: {fileID: 244119600}
  - 33: {fileID: 244119603}
  - 65: {fileID: 244119602}
  - 23: {fileID: 244119601}
  m_Layer: 0
  m_Name: Cube1
  m_TagString: Untagged
  m_Icon: {fileID: 0}
  m_NavMeshLayer: 0
  m_StaticEditorFlags: 0
  m_IsActive: 1
--- !u!4 &244119600
Transform:
  m_ObjectHideFlags: 0
  m_PrefabParentObject: {fileID: 400024, guid: 8358b2b46d696ac41af4f680e94dabee, type: 2}
  m_PrefabInternal: {fileID: 1363074535}
  m_GameObject: {fileID: 244119599}
  m_LocalRotation: {x: 0.000111562345, y: -0.20985486, z: -0.00071956386, w: 0.9777323}
  m_LocalPosition: {x: 21.749037, y: 4.9868197, z: 2.0676026}
  m_LocalScale: {x: 10, y: 10, z: 10}
  m_LocalEulerAnglesHint: {x: 0, y: 0, z: 0}
  m_Children: []
  m_Father: {fileID: 802356835}
  m_RootOrder: 11
--- !u!23 &244119601
MeshRenderer:
  m_ObjectHideFlags: 0
  m_PrefabParentObject: {fileID: 2300022, guid: 8358b2b46d696ac41af4f680e94dabee,
    type: 2}
  m_PrefabInternal: {fileID: 1363074535}
  m_GameObject: {fileID: 244119599}
  m_Enabled: 1
  m_CastShadows: 1
  m_ReceiveShadows: 1
  m_MotionVectors: 1
  m_LightProbeUsage: 0
  m_ReflectionProbeUsage: 1
  m_Materials:
  - {fileID: 2100000, guid: a1ec93de6313f924abaa57dbface4462, type: 2}
  m_SubsetIndices: 
  m_StaticBatchRoot: {fileID: 0}
  m_ProbeAnchor: {fileID: 0}
  m_LightProbeVolumeOverride: {fileID: 0}
  m_ScaleInLightmap: 1
  m_PreserveUVs: 0
  m_IgnoreNormalsForChartDetection: 0
  m_ImportantGI: 0
  m_SelectedWireframeHidden: 0
  m_MinimumChartSize: 4
  m_AutoUVMaxDistance: 0.5
  m_AutoUVMaxAngle: 89
  m_LightmapParameters: {fileID: 0}
  m_SortingLayerID: 0
  m_SortingOrder: 0
--- !u!65 &244119602
BoxCollider:
  m_ObjectHideFlags: 0
  m_PrefabParentObject: {fileID: 6500004, guid: 8358b2b46d696ac41af4f680e94dabee,
    type: 2}
  m_PrefabInternal: {fileID: 1363074535}
  m_GameObject: {fileID: 244119599}
  m_Material: {fileID: 0}
  m_IsTrigger: 0
  m_Enabled: 1
  serializedVersion: 2
  m_Size: {x: 1, y: 1, z: 1}
  m_Center: {x: 0, y: 0, z: 0}
--- !u!33 &244119603
MeshFilter:
  m_ObjectHideFlags: 0
  m_PrefabParentObject: {fileID: 3300022, guid: 8358b2b46d696ac41af4f680e94dabee,
    type: 2}
  m_PrefabInternal: {fileID: 1363074535}
  m_GameObject: {fileID: 244119599}
  m_Mesh: {fileID: 10202, guid: 0000000000000000e000000000000000, type: 0}
--- !u!1 &249383294
GameObject:
  m_ObjectHideFlags: 0
  m_PrefabParentObject: {fileID: 100022, guid: 8358b2b46d696ac41af4f680e94dabee, type: 2}
  m_PrefabInternal: {fileID: 1363074535}
  serializedVersion: 4
  m_Component:
  - 4: {fileID: 249383298}
  - 33: {fileID: 249383297}
  - 135: {fileID: 249383296}
  - 23: {fileID: 249383295}
  m_Layer: 0
  m_Name: Sphere1
  m_TagString: Untagged
  m_Icon: {fileID: 0}
  m_NavMeshLayer: 0
  m_StaticEditorFlags: 0
  m_IsActive: 1
--- !u!23 &249383295
MeshRenderer:
  m_ObjectHideFlags: 0
  m_PrefabParentObject: {fileID: 2300020, guid: 8358b2b46d696ac41af4f680e94dabee,
    type: 2}
  m_PrefabInternal: {fileID: 1363074535}
  m_GameObject: {fileID: 249383294}
  m_Enabled: 1
  m_CastShadows: 1
  m_ReceiveShadows: 1
  m_MotionVectors: 1
  m_LightProbeUsage: 0
  m_ReflectionProbeUsage: 1
  m_Materials:
  - {fileID: 2100000, guid: a1ec93de6313f924abaa57dbface4462, type: 2}
  m_SubsetIndices: 
  m_StaticBatchRoot: {fileID: 0}
  m_ProbeAnchor: {fileID: 0}
  m_LightProbeVolumeOverride: {fileID: 0}
  m_ScaleInLightmap: 1
  m_PreserveUVs: 0
  m_IgnoreNormalsForChartDetection: 0
  m_ImportantGI: 0
  m_SelectedWireframeHidden: 0
  m_MinimumChartSize: 4
  m_AutoUVMaxDistance: 0.5
  m_AutoUVMaxAngle: 89
  m_LightmapParameters: {fileID: 0}
  m_SortingLayerID: 0
  m_SortingOrder: 0
--- !u!135 &249383296
SphereCollider:
  m_ObjectHideFlags: 0
  m_PrefabParentObject: {fileID: 13500012, guid: 8358b2b46d696ac41af4f680e94dabee,
    type: 2}
  m_PrefabInternal: {fileID: 1363074535}
  m_GameObject: {fileID: 249383294}
  m_Material: {fileID: 0}
  m_IsTrigger: 0
  m_Enabled: 1
  serializedVersion: 2
  m_Radius: 0.5
  m_Center: {x: 0, y: 0, z: 0}
--- !u!33 &249383297
MeshFilter:
  m_ObjectHideFlags: 0
  m_PrefabParentObject: {fileID: 3300020, guid: 8358b2b46d696ac41af4f680e94dabee,
    type: 2}
  m_PrefabInternal: {fileID: 1363074535}
  m_GameObject: {fileID: 249383294}
  m_Mesh: {fileID: 10207, guid: 0000000000000000e000000000000000, type: 0}
--- !u!4 &249383298
Transform:
  m_ObjectHideFlags: 0
  m_PrefabParentObject: {fileID: 400022, guid: 8358b2b46d696ac41af4f680e94dabee, type: 2}
  m_PrefabInternal: {fileID: 1363074535}
  m_GameObject: {fileID: 249383294}
  m_LocalRotation: {x: 0.5646262, y: 0.6229824, z: -0.49126592, w: 0.2274821}
  m_LocalPosition: {x: 14.33, y: 1.98, z: -0.44}
  m_LocalScale: {x: 4.025197, y: 4.025197, z: 4.025197}
  m_LocalEulerAnglesHint: {x: 0, y: 0, z: 0}
  m_Children: []
  m_Father: {fileID: 802356835}
  m_RootOrder: 1
--- !u!1 &311502698
GameObject:
  m_ObjectHideFlags: 0
  m_PrefabParentObject: {fileID: 0}
  m_PrefabInternal: {fileID: 0}
  serializedVersion: 4
  m_Component:
  - 224: {fileID: 311502699}
  - 222: {fileID: 311502701}
  - 114: {fileID: 311502700}
  m_Layer: 5
  m_Name: Text
  m_TagString: Untagged
  m_Icon: {fileID: 0}
  m_NavMeshLayer: 0
  m_StaticEditorFlags: 0
  m_IsActive: 1
--- !u!224 &311502699
RectTransform:
  m_ObjectHideFlags: 0
  m_PrefabParentObject: {fileID: 0}
  m_PrefabInternal: {fileID: 0}
  m_GameObject: {fileID: 311502698}
  m_LocalRotation: {x: 0, y: 0, z: 0, w: 1}
  m_LocalPosition: {x: 0, y: 0, z: 0}
  m_LocalScale: {x: 1, y: 1, z: 1}
  m_LocalEulerAnglesHint: {x: 0, y: 0, z: 0}
  m_Children: []
  m_Father: {fileID: 1708989390}
  m_RootOrder: 0
  m_AnchorMin: {x: 0, y: 0}
  m_AnchorMax: {x: 1, y: 1}
  m_AnchoredPosition: {x: 0, y: 0}
  m_SizeDelta: {x: 0, y: 0}
  m_Pivot: {x: 0.5, y: 0.5}
--- !u!114 &311502700
MonoBehaviour:
  m_ObjectHideFlags: 0
  m_PrefabParentObject: {fileID: 0}
  m_PrefabInternal: {fileID: 0}
  m_GameObject: {fileID: 311502698}
  m_Enabled: 1
  m_EditorHideFlags: 0
  m_Script: {fileID: 708705254, guid: f5f67c52d1564df4a8936ccd202a3bd8, type: 3}
  m_Name: 
  m_EditorClassIdentifier: 
  m_Material: {fileID: 0}
  m_Color: {r: 0.196, g: 0.196, b: 0.196, a: 1}
  m_RaycastTarget: 1
  m_OnCullStateChanged:
    m_PersistentCalls:
      m_Calls: []
    m_TypeName: UnityEngine.UI.MaskableGraphic+CullStateChangedEvent, UnityEngine.UI,
      Version=1.0.0.0, Culture=neutral, PublicKeyToken=null
  m_FontData:
    m_Font: {fileID: 10102, guid: 0000000000000000e000000000000000, type: 0}
    m_FontSize: 36
    m_FontStyle: 0
    m_BestFit: 0
    m_MinSize: 10
    m_MaxSize: 40
    m_Alignment: 4
    m_AlignByGeometry: 0
    m_RichText: 1
    m_HorizontalOverflow: 0
    m_VerticalOverflow: 0
    m_LineSpacing: 1
  m_Text: '>'
--- !u!222 &311502701
CanvasRenderer:
  m_ObjectHideFlags: 0
  m_PrefabParentObject: {fileID: 0}
  m_PrefabInternal: {fileID: 0}
  m_GameObject: {fileID: 311502698}
--- !u!1 &514958393
GameObject:
  m_ObjectHideFlags: 0
  m_PrefabParentObject: {fileID: 0}
  m_PrefabInternal: {fileID: 0}
  serializedVersion: 4
  m_Component:
  - 4: {fileID: 514958395}
  - 108: {fileID: 514958394}
  m_Layer: 0
  m_Name: Directional light
  m_TagString: Untagged
  m_Icon: {fileID: 0}
  m_NavMeshLayer: 0
  m_StaticEditorFlags: 0
  m_IsActive: 1
--- !u!108 &514958394
Light:
  m_ObjectHideFlags: 0
  m_PrefabParentObject: {fileID: 0}
  m_PrefabInternal: {fileID: 0}
  m_GameObject: {fileID: 514958393}
  m_Enabled: 1
  serializedVersion: 7
  m_Type: 1
  m_Color: {r: 0.36786333, g: 0.54718405, b: 0.7941176, a: 1}
  m_Intensity: 1
  m_Range: 10
  m_SpotAngle: 30
  m_CookieSize: 10
  m_Shadows:
    m_Type: 1
    m_Resolution: 3
    m_CustomResolution: -1
    m_Strength: 1
    m_Bias: 0.05
    m_NormalBias: 0.4
    m_NearPlane: 0.2
  m_Cookie: {fileID: 0}
  m_DrawHalo: 0
  m_Flare: {fileID: 0}
  m_RenderMode: 0
  m_CullingMask:
    serializedVersion: 2
    m_Bits: 4294967295
  m_Lightmapping: 1
  m_AreaSize: {x: 1, y: 1}
  m_BounceIntensity: 1
  m_ShadowRadius: 0
  m_ShadowAngle: 0
--- !u!4 &514958395
Transform:
  m_ObjectHideFlags: 0
  m_PrefabParentObject: {fileID: 0}
  m_PrefabInternal: {fileID: 0}
  m_GameObject: {fileID: 514958393}
  m_LocalRotation: {x: 0.40821794, y: -0.23456973, z: 0.10938166, w: 0.8754261}
  m_LocalPosition: {x: -9.6, y: 61.82, z: 0}
  m_LocalScale: {x: 1, y: 1, z: 1}
  m_LocalEulerAnglesHint: {x: 0, y: 0, z: 0}
  m_Children: []
  m_Father: {fileID: 0}
  m_RootOrder: 1
--- !u!1 &566242766
GameObject:
  m_ObjectHideFlags: 0
  m_PrefabParentObject: {fileID: 0}
  m_PrefabInternal: {fileID: 0}
  serializedVersion: 4
  m_Component:
  - 4: {fileID: 566242770}
  - 114: {fileID: 566242769}
  - 114: {fileID: 566242768}
  - 114: {fileID: 566242767}
  m_Layer: 0
  m_Name: EventSystem
  m_TagString: Untagged
  m_Icon: {fileID: 0}
  m_NavMeshLayer: 0
  m_StaticEditorFlags: 0
  m_IsActive: 1
--- !u!114 &566242767
MonoBehaviour:
  m_ObjectHideFlags: 0
  m_PrefabParentObject: {fileID: 0}
  m_PrefabInternal: {fileID: 0}
  m_GameObject: {fileID: 566242766}
  m_Enabled: 1
  m_EditorHideFlags: 0
  m_Script: {fileID: 1997211142, guid: f5f67c52d1564df4a8936ccd202a3bd8, type: 3}
  m_Name: 
  m_EditorClassIdentifier: 
  m_ForceModuleActive: 0
--- !u!114 &566242768
MonoBehaviour:
  m_ObjectHideFlags: 0
  m_PrefabParentObject: {fileID: 0}
  m_PrefabInternal: {fileID: 0}
  m_GameObject: {fileID: 566242766}
  m_Enabled: 1
  m_EditorHideFlags: 0
  m_Script: {fileID: 1077351063, guid: f5f67c52d1564df4a8936ccd202a3bd8, type: 3}
  m_Name: 
  m_EditorClassIdentifier: 
  m_HorizontalAxis: Horizontal
  m_VerticalAxis: Vertical
  m_SubmitButton: Submit
  m_CancelButton: Cancel
  m_InputActionsPerSecond: 10
  m_RepeatDelay: 0.5
  m_ForceModuleActive: 0
--- !u!114 &566242769
MonoBehaviour:
  m_ObjectHideFlags: 0
  m_PrefabParentObject: {fileID: 0}
  m_PrefabInternal: {fileID: 0}
  m_GameObject: {fileID: 566242766}
  m_Enabled: 1
  m_EditorHideFlags: 0
  m_Script: {fileID: -619905303, guid: f5f67c52d1564df4a8936ccd202a3bd8, type: 3}
  m_Name: 
  m_EditorClassIdentifier: 
  m_FirstSelected: {fileID: 0}
  m_sendNavigationEvents: 1
  m_DragThreshold: 5
--- !u!4 &566242770
Transform:
  m_ObjectHideFlags: 0
  m_PrefabParentObject: {fileID: 0}
  m_PrefabInternal: {fileID: 0}
  m_GameObject: {fileID: 566242766}
  m_LocalRotation: {x: 0, y: 0, z: 0, w: 1}
  m_LocalPosition: {x: 0, y: 0, z: 0}
  m_LocalScale: {x: 1, y: 1, z: 1}
  m_LocalEulerAnglesHint: {x: 0, y: 0, z: 0}
  m_Children: []
  m_Father: {fileID: 0}
  m_RootOrder: 5
--- !u!1 &640494424
GameObject:
  m_ObjectHideFlags: 0
  m_PrefabParentObject: {fileID: 100016, guid: 8358b2b46d696ac41af4f680e94dabee, type: 2}
  m_PrefabInternal: {fileID: 1363074535}
  serializedVersion: 4
  m_Component:
  - 4: {fileID: 640494425}
  - 33: {fileID: 640494428}
  - 135: {fileID: 640494427}
  - 23: {fileID: 640494426}
  m_Layer: 0
  m_Name: Sphere3
  m_TagString: Untagged
  m_Icon: {fileID: 0}
  m_NavMeshLayer: 0
  m_StaticEditorFlags: 0
  m_IsActive: 1
--- !u!4 &640494425
Transform:
  m_ObjectHideFlags: 0
  m_PrefabParentObject: {fileID: 400016, guid: 8358b2b46d696ac41af4f680e94dabee, type: 2}
  m_PrefabInternal: {fileID: 1363074535}
  m_GameObject: {fileID: 640494424}
  m_LocalRotation: {x: -0.044863723, y: 0.13714537, z: 0.1600109, w: 0.9765116}
  m_LocalPosition: {x: -8.308623, y: 8.822498, z: -16.941874}
  m_LocalScale: {x: 17.684998, y: 17.684994, z: 17.684994}
  m_LocalEulerAnglesHint: {x: 0, y: 0, z: 0}
  m_Children: []
  m_Father: {fileID: 802356835}
  m_RootOrder: 3
--- !u!23 &640494426
MeshRenderer:
  m_ObjectHideFlags: 0
  m_PrefabParentObject: {fileID: 2300014, guid: 8358b2b46d696ac41af4f680e94dabee,
    type: 2}
  m_PrefabInternal: {fileID: 1363074535}
  m_GameObject: {fileID: 640494424}
  m_Enabled: 1
  m_CastShadows: 1
  m_ReceiveShadows: 1
  m_MotionVectors: 1
  m_LightProbeUsage: 0
  m_ReflectionProbeUsage: 1
  m_Materials:
  - {fileID: 2100000, guid: a1ec93de6313f924abaa57dbface4462, type: 2}
  m_SubsetIndices: 
  m_StaticBatchRoot: {fileID: 0}
  m_ProbeAnchor: {fileID: 0}
  m_LightProbeVolumeOverride: {fileID: 0}
  m_ScaleInLightmap: 1
  m_PreserveUVs: 0
  m_IgnoreNormalsForChartDetection: 0
  m_ImportantGI: 0
  m_SelectedWireframeHidden: 0
  m_MinimumChartSize: 4
  m_AutoUVMaxDistance: 0.5
  m_AutoUVMaxAngle: 89
  m_LightmapParameters: {fileID: 0}
  m_SortingLayerID: 0
  m_SortingOrder: 0
--- !u!135 &640494427
SphereCollider:
  m_ObjectHideFlags: 0
  m_PrefabParentObject: {fileID: 13500008, guid: 8358b2b46d696ac41af4f680e94dabee,
    type: 2}
  m_PrefabInternal: {fileID: 1363074535}
  m_GameObject: {fileID: 640494424}
  m_Material: {fileID: 0}
  m_IsTrigger: 0
  m_Enabled: 1
  serializedVersion: 2
  m_Radius: 0.5
  m_Center: {x: 0, y: 0, z: 0}
--- !u!33 &640494428
MeshFilter:
  m_ObjectHideFlags: 0
  m_PrefabParentObject: {fileID: 3300014, guid: 8358b2b46d696ac41af4f680e94dabee,
    type: 2}
  m_PrefabInternal: {fileID: 1363074535}
  m_GameObject: {fileID: 640494424}
  m_Mesh: {fileID: 10207, guid: 0000000000000000e000000000000000, type: 0}
--- !u!1 &643517638
GameObject:
  m_ObjectHideFlags: 0
  m_PrefabParentObject: {fileID: 100014, guid: 8358b2b46d696ac41af4f680e94dabee, type: 2}
  m_PrefabInternal: {fileID: 1363074535}
  serializedVersion: 4
  m_Component:
  - 4: {fileID: 643517639}
  - 33: {fileID: 643517642}
  - 65: {fileID: 643517641}
  - 23: {fileID: 643517640}
  m_Layer: 0
  m_Name: Cube
  m_TagString: Untagged
  m_Icon: {fileID: 0}
  m_NavMeshLayer: 0
  m_StaticEditorFlags: 0
  m_IsActive: 1
--- !u!4 &643517639
Transform:
  m_ObjectHideFlags: 0
  m_PrefabParentObject: {fileID: 400014, guid: 8358b2b46d696ac41af4f680e94dabee, type: 2}
  m_PrefabInternal: {fileID: 1363074535}
  m_GameObject: {fileID: 643517638}
  m_LocalRotation: {x: -0.00007900817, y: -0.073772825, z: 0.000019854497, w: 0.9972751}
  m_LocalPosition: {x: -0.08985692, y: 4.980495, z: -0.6584333}
  m_LocalScale: {x: 10, y: 10, z: 10}
  m_LocalEulerAnglesHint: {x: 0, y: 0, z: 0}
  m_Children: []
  m_Father: {fileID: 802356835}
  m_RootOrder: 10
--- !u!23 &643517640
MeshRenderer:
  m_ObjectHideFlags: 0
  m_PrefabParentObject: {fileID: 2300012, guid: 8358b2b46d696ac41af4f680e94dabee,
    type: 2}
  m_PrefabInternal: {fileID: 1363074535}
  m_GameObject: {fileID: 643517638}
  m_Enabled: 1
  m_CastShadows: 1
  m_ReceiveShadows: 1
  m_MotionVectors: 1
  m_LightProbeUsage: 0
  m_ReflectionProbeUsage: 1
  m_Materials:
  - {fileID: 2100000, guid: a1ec93de6313f924abaa57dbface4462, type: 2}
  m_SubsetIndices: 
  m_StaticBatchRoot: {fileID: 0}
  m_ProbeAnchor: {fileID: 0}
  m_LightProbeVolumeOverride: {fileID: 0}
  m_ScaleInLightmap: 1
  m_PreserveUVs: 0
  m_IgnoreNormalsForChartDetection: 0
  m_ImportantGI: 0
  m_SelectedWireframeHidden: 0
  m_MinimumChartSize: 4
  m_AutoUVMaxDistance: 0.5
  m_AutoUVMaxAngle: 89
  m_LightmapParameters: {fileID: 0}
  m_SortingLayerID: 0
  m_SortingOrder: 0
--- !u!65 &643517641
BoxCollider:
  m_ObjectHideFlags: 0
  m_PrefabParentObject: {fileID: 6500000, guid: 8358b2b46d696ac41af4f680e94dabee,
    type: 2}
  m_PrefabInternal: {fileID: 1363074535}
  m_GameObject: {fileID: 643517638}
  m_Material: {fileID: 0}
  m_IsTrigger: 0
  m_Enabled: 1
  serializedVersion: 2
  m_Size: {x: 1, y: 1, z: 1}
  m_Center: {x: 0, y: 0, z: 0}
--- !u!33 &643517642
MeshFilter:
  m_ObjectHideFlags: 0
  m_PrefabParentObject: {fileID: 3300012, guid: 8358b2b46d696ac41af4f680e94dabee,
    type: 2}
  m_PrefabInternal: {fileID: 1363074535}
  m_GameObject: {fileID: 643517638}
  m_Mesh: {fileID: 10202, guid: 0000000000000000e000000000000000, type: 0}
--- !u!1 &699104423
GameObject:
  m_ObjectHideFlags: 0
  m_PrefabParentObject: {fileID: 100004, guid: 8358b2b46d696ac41af4f680e94dabee, type: 2}
  m_PrefabInternal: {fileID: 1363074535}
  serializedVersion: 4
  m_Component:
  - 4: {fileID: 699104424}
  - 33: {fileID: 699104427}
  - 135: {fileID: 699104426}
  - 23: {fileID: 699104425}
  m_Layer: 0
  m_Name: Sphere6
  m_TagString: Untagged
  m_Icon: {fileID: 0}
  m_NavMeshLayer: 0
  m_StaticEditorFlags: 0
  m_IsActive: 1
--- !u!4 &699104424
Transform:
  m_ObjectHideFlags: 0
  m_PrefabParentObject: {fileID: 400004, guid: 8358b2b46d696ac41af4f680e94dabee, type: 2}
  m_PrefabInternal: {fileID: 1363074535}
  m_GameObject: {fileID: 699104423}
  m_LocalRotation: {x: -0.78556806, y: 0.34976253, z: -0.3097357, w: 0.40572506}
  m_LocalPosition: {x: -4.6, y: 16.4, z: 2.8}
  m_LocalScale: {x: 13.5, y: 13.499997, z: 13.499998}
  m_LocalEulerAnglesHint: {x: 0, y: 0, z: 0}
  m_Children: []
  m_Father: {fileID: 802356835}
  m_RootOrder: 6
--- !u!23 &699104425
MeshRenderer:
  m_ObjectHideFlags: 0
  m_PrefabParentObject: {fileID: 2300002, guid: 8358b2b46d696ac41af4f680e94dabee,
    type: 2}
  m_PrefabInternal: {fileID: 1363074535}
  m_GameObject: {fileID: 699104423}
  m_Enabled: 1
  m_CastShadows: 1
  m_ReceiveShadows: 1
  m_MotionVectors: 1
  m_LightProbeUsage: 0
  m_ReflectionProbeUsage: 1
  m_Materials:
  - {fileID: 2100000, guid: a1ec93de6313f924abaa57dbface4462, type: 2}
  m_SubsetIndices: 
  m_StaticBatchRoot: {fileID: 0}
  m_ProbeAnchor: {fileID: 0}
  m_LightProbeVolumeOverride: {fileID: 0}
  m_ScaleInLightmap: 1
  m_PreserveUVs: 0
  m_IgnoreNormalsForChartDetection: 0
  m_ImportantGI: 0
  m_SelectedWireframeHidden: 0
  m_MinimumChartSize: 4
  m_AutoUVMaxDistance: 0.5
  m_AutoUVMaxAngle: 89
  m_LightmapParameters: {fileID: 0}
  m_SortingLayerID: 0
  m_SortingOrder: 0
--- !u!135 &699104426
SphereCollider:
  m_ObjectHideFlags: 0
  m_PrefabParentObject: {fileID: 13500002, guid: 8358b2b46d696ac41af4f680e94dabee,
    type: 2}
  m_PrefabInternal: {fileID: 1363074535}
  m_GameObject: {fileID: 699104423}
  m_Material: {fileID: 0}
  m_IsTrigger: 0
  m_Enabled: 1
  serializedVersion: 2
  m_Radius: 0.5
  m_Center: {x: 0, y: 0, z: 0}
--- !u!33 &699104427
MeshFilter:
  m_ObjectHideFlags: 0
  m_PrefabParentObject: {fileID: 3300002, guid: 8358b2b46d696ac41af4f680e94dabee,
    type: 2}
  m_PrefabInternal: {fileID: 1363074535}
  m_GameObject: {fileID: 699104423}
  m_Mesh: {fileID: 10207, guid: 0000000000000000e000000000000000, type: 0}
--- !u!1 &735877831
GameObject:
  m_ObjectHideFlags: 0
  m_PrefabParentObject: {fileID: 100010, guid: 8358b2b46d696ac41af4f680e94dabee, type: 2}
  m_PrefabInternal: {fileID: 1363074535}
  serializedVersion: 4
  m_Component:
  - 4: {fileID: 735877832}
  - 33: {fileID: 735877835}
  - 136: {fileID: 735877834}
  - 23: {fileID: 735877833}
  m_Layer: 0
  m_Name: Capsule2
  m_TagString: Untagged
  m_Icon: {fileID: 0}
  m_NavMeshLayer: 0
  m_StaticEditorFlags: 0
  m_IsActive: 1
--- !u!4 &735877832
Transform:
  m_ObjectHideFlags: 0
  m_PrefabParentObject: {fileID: 400010, guid: 8358b2b46d696ac41af4f680e94dabee, type: 2}
  m_PrefabInternal: {fileID: 1363074535}
  m_GameObject: {fileID: 735877831}
  m_LocalRotation: {x: 0.61403286, y: 0.011854337, z: 0.37251514, w: 0.6957411}
  m_LocalPosition: {x: 32.11, y: 3.4, z: 4.53}
  m_LocalScale: {x: 7, y: 7, z: 7}
  m_LocalEulerAnglesHint: {x: 0, y: 0, z: 0}
  m_Children: []
  m_Father: {fileID: 802356835}
  m_RootOrder: 8
--- !u!23 &735877833
MeshRenderer:
  m_ObjectHideFlags: 0
  m_PrefabParentObject: {fileID: 2300008, guid: 8358b2b46d696ac41af4f680e94dabee,
    type: 2}
  m_PrefabInternal: {fileID: 1363074535}
  m_GameObject: {fileID: 735877831}
  m_Enabled: 1
  m_CastShadows: 1
  m_ReceiveShadows: 1
  m_MotionVectors: 1
  m_LightProbeUsage: 0
  m_ReflectionProbeUsage: 1
  m_Materials:
  - {fileID: 2100000, guid: a1ec93de6313f924abaa57dbface4462, type: 2}
  m_SubsetIndices: 
  m_StaticBatchRoot: {fileID: 0}
  m_ProbeAnchor: {fileID: 0}
  m_LightProbeVolumeOverride: {fileID: 0}
  m_ScaleInLightmap: 1
  m_PreserveUVs: 0
  m_IgnoreNormalsForChartDetection: 0
  m_ImportantGI: 0
  m_SelectedWireframeHidden: 0
  m_MinimumChartSize: 4
  m_AutoUVMaxDistance: 0.5
  m_AutoUVMaxAngle: 89
  m_LightmapParameters: {fileID: 0}
  m_SortingLayerID: 0
  m_SortingOrder: 0
--- !u!136 &735877834
CapsuleCollider:
  m_ObjectHideFlags: 0
  m_PrefabParentObject: {fileID: 13600002, guid: 8358b2b46d696ac41af4f680e94dabee,
    type: 2}
  m_PrefabInternal: {fileID: 1363074535}
  m_GameObject: {fileID: 735877831}
  m_Material: {fileID: 0}
  m_IsTrigger: 0
  m_Enabled: 1
  m_Radius: 0.5
  m_Height: 2
  m_Direction: 1
  m_Center: {x: 0, y: 0, z: 0}
--- !u!33 &735877835
MeshFilter:
  m_ObjectHideFlags: 0
  m_PrefabParentObject: {fileID: 3300008, guid: 8358b2b46d696ac41af4f680e94dabee,
    type: 2}
  m_PrefabInternal: {fileID: 1363074535}
  m_GameObject: {fileID: 735877831}
  m_Mesh: {fileID: 10208, guid: 0000000000000000e000000000000000, type: 0}
--- !u!1 &788935498
GameObject:
  m_ObjectHideFlags: 0
  m_PrefabParentObject: {fileID: 0}
  m_PrefabInternal: {fileID: 0}
  serializedVersion: 4
  m_Component:
  - 224: {fileID: 788935499}
  - 222: {fileID: 788935502}
  - 114: {fileID: 788935501}
  - 114: {fileID: 788935500}
  m_Layer: 5
  m_Name: Button
  m_TagString: Untagged
  m_Icon: {fileID: 0}
  m_NavMeshLayer: 0
  m_StaticEditorFlags: 0
  m_IsActive: 1
--- !u!224 &788935499
RectTransform:
  m_ObjectHideFlags: 0
  m_PrefabParentObject: {fileID: 0}
  m_PrefabInternal: {fileID: 0}
  m_GameObject: {fileID: 788935498}
  m_LocalRotation: {x: 0, y: 0, z: 0, w: 1}
  m_LocalPosition: {x: 0, y: 0, z: 0}
  m_LocalScale: {x: 1, y: 1, z: 1}
  m_LocalEulerAnglesHint: {x: 0, y: 0, z: 0}
  m_Children:
  - {fileID: 1024631662}
  m_Father: {fileID: 1894888384}
  m_RootOrder: 0
  m_AnchorMin: {x: 0, y: 0.5}
  m_AnchorMax: {x: 0, y: 0.5}
  m_AnchoredPosition: {x: 29.35, y: 0}
  m_SizeDelta: {x: 58.7, y: 67}
  m_Pivot: {x: 0.5, y: 0.5}
--- !u!114 &788935500
MonoBehaviour:
  m_ObjectHideFlags: 0
  m_PrefabParentObject: {fileID: 0}
  m_PrefabInternal: {fileID: 0}
  m_GameObject: {fileID: 788935498}
  m_Enabled: 1
  m_EditorHideFlags: 0
  m_Script: {fileID: 1392445389, guid: f5f67c52d1564df4a8936ccd202a3bd8, type: 3}
  m_Name: 
  m_EditorClassIdentifier: 
  m_Navigation:
    m_Mode: 3
    m_SelectOnUp: {fileID: 0}
    m_SelectOnDown: {fileID: 0}
    m_SelectOnLeft: {fileID: 0}
    m_SelectOnRight: {fileID: 0}
  m_Transition: 1
  m_Colors:
    m_NormalColor: {r: 1, g: 1, b: 1, a: 1}
    m_HighlightedColor: {r: 0.9607843, g: 0.9607843, b: 0.9607843, a: 1}
    m_PressedColor: {r: 0.78431374, g: 0.78431374, b: 0.78431374, a: 1}
    m_DisabledColor: {r: 0.78431374, g: 0.78431374, b: 0.78431374, a: 0.5019608}
    m_ColorMultiplier: 1
    m_FadeDuration: 0.1
  m_SpriteState:
    m_HighlightedSprite: {fileID: 0}
    m_PressedSprite: {fileID: 0}
    m_DisabledSprite: {fileID: 0}
  m_AnimationTriggers:
    m_NormalTrigger: Normal
    m_HighlightedTrigger: Highlighted
    m_PressedTrigger: Pressed
    m_DisabledTrigger: Disabled
  m_Interactable: 1
  m_TargetGraphic: {fileID: 788935501}
  m_OnClick:
    m_PersistentCalls:
      m_Calls:
      - m_Target: {fileID: 880747136}
        m_MethodName: Prev
        m_Mode: 1
        m_Arguments:
          m_ObjectArgument: {fileID: 0}
          m_ObjectArgumentAssemblyTypeName: UnityEngine.Object, UnityEngine
          m_IntArgument: 0
          m_FloatArgument: 0
          m_StringArgument: 
          m_BoolArgument: 0
        m_CallState: 2
    m_TypeName: UnityEngine.UI.Button+ButtonClickedEvent, UnityEngine.UI, Version=1.0.0.0,
      Culture=neutral, PublicKeyToken=null
--- !u!114 &788935501
MonoBehaviour:
  m_ObjectHideFlags: 0
  m_PrefabParentObject: {fileID: 0}
  m_PrefabInternal: {fileID: 0}
  m_GameObject: {fileID: 788935498}
  m_Enabled: 1
  m_EditorHideFlags: 0
  m_Script: {fileID: -765806418, guid: f5f67c52d1564df4a8936ccd202a3bd8, type: 3}
  m_Name: 
  m_EditorClassIdentifier: 
  m_Material: {fileID: 0}
  m_Color: {r: 1, g: 1, b: 1, a: 1}
  m_RaycastTarget: 1
  m_OnCullStateChanged:
    m_PersistentCalls:
      m_Calls: []
    m_TypeName: UnityEngine.UI.MaskableGraphic+CullStateChangedEvent, UnityEngine.UI,
      Version=1.0.0.0, Culture=neutral, PublicKeyToken=null
  m_Sprite: {fileID: 10905, guid: 0000000000000000f000000000000000, type: 0}
  m_Type: 1
  m_PreserveAspect: 0
  m_FillCenter: 1
  m_FillMethod: 4
  m_FillAmount: 1
  m_FillClockwise: 1
  m_FillOrigin: 0
--- !u!222 &788935502
CanvasRenderer:
  m_ObjectHideFlags: 0
  m_PrefabParentObject: {fileID: 0}
  m_PrefabInternal: {fileID: 0}
  m_GameObject: {fileID: 788935498}
--- !u!1 &802356834
GameObject:
  m_ObjectHideFlags: 0
  m_PrefabParentObject: {fileID: 100000, guid: 8358b2b46d696ac41af4f680e94dabee, type: 2}
  m_PrefabInternal: {fileID: 1363074535}
  serializedVersion: 4
  m_Component:
  - 4: {fileID: 802356835}
  m_Layer: 0
  m_Name: DemoCenter
  m_TagString: Untagged
  m_Icon: {fileID: 0}
  m_NavMeshLayer: 0
  m_StaticEditorFlags: 0
  m_IsActive: 1
--- !u!4 &802356835
Transform:
  m_ObjectHideFlags: 0
  m_PrefabParentObject: {fileID: 400000, guid: 8358b2b46d696ac41af4f680e94dabee, type: 2}
  m_PrefabInternal: {fileID: 1363074535}
  m_GameObject: {fileID: 802356834}
  m_LocalRotation: {x: 0, y: 0, z: 0, w: 1}
  m_LocalPosition: {x: 0, y: 0, z: 0}
  m_LocalScale: {x: 1, y: 1, z: 1}
  m_LocalEulerAnglesHint: {x: 0, y: 0, z: 0}
  m_Children:
  - {fileID: 153459202}
  - {fileID: 249383298}
  - {fileID: 1694982013}
  - {fileID: 640494425}
  - {fileID: 2072362790}
  - {fileID: 1614052927}
  - {fileID: 699104424}
  - {fileID: 873294659}
  - {fileID: 735877832}
  - {fileID: 1879972500}
  - {fileID: 643517639}
  - {fileID: 244119600}
  - {fileID: 1499499273}
  - {fileID: 1571397741}
  m_Father: {fileID: 0}
  m_RootOrder: 3
--- !u!1 &873294658
GameObject:
  m_ObjectHideFlags: 0
  m_PrefabParentObject: {fileID: 100006, guid: 8358b2b46d696ac41af4f680e94dabee, type: 2}
  m_PrefabInternal: {fileID: 1363074535}
  serializedVersion: 4
  m_Component:
  - 4: {fileID: 873294659}
  - 33: {fileID: 873294662}
  - 136: {fileID: 873294661}
  - 23: {fileID: 873294660}
  m_Layer: 0
  m_Name: Capsule1
  m_TagString: Untagged
  m_Icon: {fileID: 0}
  m_NavMeshLayer: 0
  m_StaticEditorFlags: 0
  m_IsActive: 1
--- !u!4 &873294659
Transform:
  m_ObjectHideFlags: 0
  m_PrefabParentObject: {fileID: 400006, guid: 8358b2b46d696ac41af4f680e94dabee, type: 2}
  m_PrefabInternal: {fileID: 1363074535}
  m_GameObject: {fileID: 873294658}
  m_LocalRotation: {x: 0.73892, y: -0.21484429, z: 0.2355324, w: 0.59360236}
  m_LocalPosition: {x: 9.914646, y: 4.190369, z: 5.778007}
  m_LocalScale: {x: 7, y: 7, z: 7}
  m_LocalEulerAnglesHint: {x: 0, y: 0, z: 0}
  m_Children: []
  m_Father: {fileID: 802356835}
  m_RootOrder: 7
--- !u!23 &873294660
MeshRenderer:
  m_ObjectHideFlags: 0
  m_PrefabParentObject: {fileID: 2300004, guid: 8358b2b46d696ac41af4f680e94dabee,
    type: 2}
  m_PrefabInternal: {fileID: 1363074535}
  m_GameObject: {fileID: 873294658}
  m_Enabled: 1
  m_CastShadows: 1
  m_ReceiveShadows: 1
  m_MotionVectors: 1
  m_LightProbeUsage: 0
  m_ReflectionProbeUsage: 1
  m_Materials:
  - {fileID: 2100000, guid: a1ec93de6313f924abaa57dbface4462, type: 2}
  m_SubsetIndices: 
  m_StaticBatchRoot: {fileID: 0}
  m_ProbeAnchor: {fileID: 0}
  m_LightProbeVolumeOverride: {fileID: 0}
  m_ScaleInLightmap: 1
  m_PreserveUVs: 0
  m_IgnoreNormalsForChartDetection: 0
  m_ImportantGI: 0
  m_SelectedWireframeHidden: 0
  m_MinimumChartSize: 4
  m_AutoUVMaxDistance: 0.5
  m_AutoUVMaxAngle: 89
  m_LightmapParameters: {fileID: 0}
  m_SortingLayerID: 0
  m_SortingOrder: 0
--- !u!136 &873294661
CapsuleCollider:
  m_ObjectHideFlags: 0
  m_PrefabParentObject: {fileID: 13600000, guid: 8358b2b46d696ac41af4f680e94dabee,
    type: 2}
  m_PrefabInternal: {fileID: 1363074535}
  m_GameObject: {fileID: 873294658}
  m_Material: {fileID: 0}
  m_IsTrigger: 0
  m_Enabled: 1
  m_Radius: 0.5
  m_Height: 2
  m_Direction: 1
  m_Center: {x: 0, y: 0, z: 0}
--- !u!33 &873294662
MeshFilter:
  m_ObjectHideFlags: 0
  m_PrefabParentObject: {fileID: 3300004, guid: 8358b2b46d696ac41af4f680e94dabee,
    type: 2}
  m_PrefabInternal: {fileID: 1363074535}
  m_GameObject: {fileID: 873294658}
  m_Mesh: {fileID: 10208, guid: 0000000000000000e000000000000000, type: 0}
--- !u!1 &880747130
GameObject:
  m_ObjectHideFlags: 0
  m_PrefabParentObject: {fileID: 0}
  m_PrefabInternal: {fileID: 0}
  serializedVersion: 4
  m_Component:
  - 4: {fileID: 880747135}
  - 20: {fileID: 880747134}
  - 92: {fileID: 880747133}
  - 124: {fileID: 880747132}
  - 81: {fileID: 880747131}
  - 114: {fileID: 880747137}
  - 114: {fileID: 880747136}
  m_Layer: 0
  m_Name: Main Camera
  m_TagString: MainCamera
  m_Icon: {fileID: 0}
  m_NavMeshLayer: 0
  m_StaticEditorFlags: 0
  m_IsActive: 1
--- !u!81 &880747131
AudioListener:
  m_ObjectHideFlags: 0
  m_PrefabParentObject: {fileID: 0}
  m_PrefabInternal: {fileID: 0}
  m_GameObject: {fileID: 880747130}
  m_Enabled: 1
--- !u!124 &880747132
Behaviour:
  m_ObjectHideFlags: 0
  m_PrefabParentObject: {fileID: 0}
  m_PrefabInternal: {fileID: 0}
  m_GameObject: {fileID: 880747130}
  m_Enabled: 1
--- !u!92 &880747133
Behaviour:
  m_ObjectHideFlags: 0
  m_PrefabParentObject: {fileID: 0}
  m_PrefabInternal: {fileID: 0}
  m_GameObject: {fileID: 880747130}
  m_Enabled: 1
--- !u!20 &880747134
Camera:
  m_ObjectHideFlags: 0
  m_PrefabParentObject: {fileID: 0}
  m_PrefabInternal: {fileID: 0}
  m_GameObject: {fileID: 880747130}
  m_Enabled: 1
  serializedVersion: 2
  m_ClearFlags: 1
  m_BackGroundColor: {r: 0.19215687, g: 0.3019608, b: 0.4745098, a: 0.019607844}
  m_NormalizedViewPortRect:
    serializedVersion: 2
    x: 0
    y: 0
    width: 1
    height: 1
  near clip plane: 0.3
  far clip plane: 1000
  field of view: 60
  orthographic: 0
  orthographic size: 5
  m_Depth: -1
  m_CullingMask:
    serializedVersion: 2
    m_Bits: 4294967295
  m_RenderingPath: -1
  m_TargetTexture: {fileID: 0}
  m_TargetDisplay: 0
  m_TargetEye: 3
  m_HDR: 0
  m_OcclusionCulling: 1
  m_StereoConvergence: 10
  m_StereoSeparation: 0.022
  m_StereoMirrorMode: 0
--- !u!4 &880747135
Transform:
  m_ObjectHideFlags: 0
  m_PrefabParentObject: {fileID: 0}
  m_PrefabInternal: {fileID: 0}
  m_GameObject: {fileID: 880747130}
  m_LocalRotation: {x: 0.32304433, y: 0, z: 0, w: 0.9463839}
  m_LocalPosition: {x: 5.4, y: 65.3, z: -56.4}
  m_LocalScale: {x: 1, y: 1, z: 1}
  m_LocalEulerAnglesHint: {x: 0, y: 0, z: 0}
  m_Children: []
  m_Father: {fileID: 0}
  m_RootOrder: 0
--- !u!114 &880747136
MonoBehaviour:
  m_ObjectHideFlags: 0
  m_PrefabParentObject: {fileID: 0}
  m_PrefabInternal: {fileID: 0}
  m_GameObject: {fileID: 880747130}
  m_Enabled: 1
  m_EditorHideFlags: 0
  m_Script: {fileID: 11500000, guid: b8d8d04471b7f9a4eb421428a5fc4f7a, type: 3}
  m_Name: 
  m_EditorClassIdentifier: 
  Items:
  - {fileID: 100004, guid: d34110a829cc3524cb54992920011001, type: 2}
  - {fileID: 100000, guid: fef0b4bfd3de20f40aacd569010a0df8, type: 2}
  - {fileID: 100004, guid: 03a3497f7f1726948a45f094274737ba, type: 2}
  - {fileID: 100000, guid: 5bf84e517bbef54488eaaa5034b1b194, type: 2}
  - {fileID: 100006, guid: 4e9724090765c4c408e6ec65ca3cb12f, type: 2}
  - {fileID: 100002, guid: f8c477ae6da61eb4a80ee4c1603e3061, type: 2}
  - {fileID: 100004, guid: 0dcf5ea324abefe46b98a714f32a0445, type: 2}
  - {fileID: 100006, guid: 67daee12679b86c4091dccdea427a0d4, type: 2}
  - {fileID: 100002, guid: 6519443a862d21848851d1110b748421, type: 2}
  - {fileID: 100002, guid: 0d9566b1441e80042b463881d988f494, type: 2}
  - {fileID: 100000, guid: 00e2e08d287497d498c8e7d03414010c, type: 2}
  - {fileID: 100004, guid: 5e7d346d6f655764e8aa7d7c2a1824f4, type: 2}
  - {fileID: 100004, guid: 6a34443781d3ff44eb603fd3d58ee75d, type: 2}
  - {fileID: 100006, guid: 2755731ffbc7d71418afca1da777c563, type: 2}
  - {fileID: 100002, guid: 8653c729cd54efd4e90a087504d5dcb1, type: 2}
  - {fileID: 100004, guid: ef33d91979188eb46a1825c172c1578a, type: 2}
  - {fileID: 100000, guid: 71bc82dcbf69c3f4fbe969d9328dd036, type: 2}
  - {fileID: 100004, guid: 2c97f6cb043838d4994195a5a72724b0, type: 2}
  - {fileID: 100000, guid: 6c99e43c5f911964ab298d6cdfea25a6, type: 2}
  - {fileID: 100006, guid: de7eda25a1caa894e94f7c41591153e9, type: 2}
  - {fileID: 100002, guid: de118df1bcb62b8489534ae05217e030, type: 2}
  - {fileID: 100004, guid: d720dca7e2ab2514c960adc09187e17a, type: 2}
  - {fileID: 100006, guid: aaaef40259350ef4ba25c4af11f90eae, type: 2}
  - {fileID: 100002, guid: dfebfba499b064549bfc0e262c63631e, type: 2}
  - {fileID: 100002, guid: 3297439266c70ec4f849a7c51b602f65, type: 2}
  - {fileID: 100000, guid: 661731f868ad83d4b95fd3f76cb5ef16, type: 2}
  - {fileID: 100004, guid: a176682394635e44396ae775bd2c00a0, type: 2}
  - {fileID: 100004, guid: f6759dbb2d06b094aa95ce86daf25160, type: 2}
  - {fileID: 100006, guid: d960bab59b0cdad4488b63474184c316, type: 2}
  - {fileID: 100002, guid: 5345c3ac99373ee4f8064fea6287477f, type: 2}
  - {fileID: 100004, guid: 4ecbbf704bd2df84e9b87408b79e033b, type: 2}
  - {fileID: 100002, guid: 9b5255f9ab6d08346b7fb8d588a59882, type: 2}
  - {fileID: 100006, guid: 315ef73767f23524f97f53afc600df84, type: 2}
  - {fileID: 100002, guid: 696b9c7c6d6c0d14fb97f60fded07afb, type: 2}
  - {fileID: 100008, guid: b695fee4d8d94d540bd9fe9cbb2ee337, type: 2}
  - {fileID: 100004, guid: 2664ed21d6b88b74c9477032ff4afa4a, type: 2}
  - {fileID: 100006, guid: 8538a3b02f0733142b43e38ad656c44d, type: 2}
  - {fileID: 100008, guid: 778ccdb6b7c591a48baaa3f2f4f7a7fd, type: 2}
  - {fileID: 100004, guid: b3d3f8277bdb78745a62c8fa7659c189, type: 2}
  - {fileID: 100004, guid: dc85fbd75c9cd384d8b4176a84ccc3af, type: 2}
  - {fileID: 100002, guid: 5c19a51a7f157e8498dff874c09d49e8, type: 2}
  - {fileID: 100006, guid: 36a2e53313cd938458f5f8a44baf8b88, type: 2}
  - {fileID: 100006, guid: f511fb5ed0b03544ca084a2e67b95da4, type: 2}
  - {fileID: 100008, guid: 6d524276f19362c4c864ad2b04d5dc17, type: 2}
  - {fileID: 100004, guid: 530b843d8e178434db83482fae3457f6, type: 2}
  - {fileID: 100006, guid: cdc602e6f65394347b4e2f3e77b9042a, type: 2}
  - {fileID: 100006, guid: d24adf488b2e3904f977847601055afa, type: 2}
  - {fileID: 100006, guid: de0a2fd3f616c8546b4fe90d3384a043, type: 2}
  - {fileID: 100006, guid: 27c37d767634d6f4889349ad0038aac1, type: 2}
  - {fileID: 100008, guid: a2fe32ee23c5ca741b5f5986fee5eb60, type: 2}
  - {fileID: 100008, guid: 1dff11f204b53dd4e96d64f1be7b025a, type: 2}
  - {fileID: 100008, guid: 6caffe3ad8ccc7940a1469f53f5d4905, type: 2}
  - {fileID: 100008, guid: e063258bd06a51349ae7e3d00250deeb, type: 2}
  - {fileID: 100008, guid: 27f8cc25b9121d243a4572d7773f021e, type: 2}
  - {fileID: 100008, guid: b6a33fb296a221c41bf1c5a98fa6521b, type: 2}
  - {fileID: 100008, guid: 4be95fc3818cad745af5c6d92e034fa4, type: 2}
  - {fileID: 100008, guid: df243302276befa43ba1ba5441c1c843, type: 2}
  - {fileID: 100008, guid: 0561d4192f72e074085f93c4a753b4e6, type: 2}
  - {fileID: 100008, guid: add709b988bcb1b45b162ae3b649f146, type: 2}
  - {fileID: 100008, guid: fe6cd8b52f7e22e49a6441b1ee2d104c, type: 2}
  - {fileID: 100010, guid: 196f03785864f8048a1634a6d634dcc3, type: 2}
  - {fileID: 100004, guid: 46697d49f9778d040bc2cbd5287cc626, type: 2}
  - {fileID: 100004, guid: 8923ff7d46873784a924b6640c6a1d56, type: 2}
  - {fileID: 100004, guid: cd879626dfb635749aa2fe54b0706147, type: 2}
  - {fileID: 100006, guid: 626179c6998d12f41ad8af12137dcae4, type: 2}
  - {fileID: 100006, guid: 2238b4059946c20488e835659d84e357, type: 2}
  - {fileID: 100006, guid: e3cb3303f8c7ffd439c0e034833301db, type: 2}
  - {fileID: 100006, guid: b73b9422748255a4ba58b9a6fecb6b65, type: 2}
  - {fileID: 100006, guid: 79502f73a85e4664289114c36c82d727, type: 2}
  - {fileID: 100006, guid: ea817bdaac3d5d64684314d0bae66761, type: 2}
  - {fileID: 100006, guid: 821ee189ce4006444af52d8e7c523cc9, type: 2}
  - {fileID: 100006, guid: 736e5e548e2179c47a6d83a448a8cccf, type: 2}
  - {fileID: 100006, guid: 0a8ce98159db6d5448786f6f3a1b4cf0, type: 2}
  - {fileID: 100006, guid: 42d79d44cda6117489f98c92968c7130, type: 2}
  - {fileID: 100006, guid: cad17828de72ba44188f087c13b957fa, type: 2}
  Descr: []
  OutText: {fileID: 2076761184}
  OutDescr: {fileID: 0}
  curIndex: 0
--- !u!114 &880747137
MonoBehaviour:
  m_ObjectHideFlags: 0
  m_PrefabParentObject: {fileID: 0}
  m_PrefabInternal: {fileID: 0}
  m_GameObject: {fileID: 880747130}
  m_Enabled: 1
  m_EditorHideFlags: 0
  m_Script: {fileID: 11500000, guid: 883748e1c58fd0b41813fe3cb48ce238, type: 3}
  m_Name: 
  m_EditorClassIdentifier: 
  sensitivityX: 2
  sensitivityY: 2
--- !u!1 &1024631661
GameObject:
  m_ObjectHideFlags: 0
  m_PrefabParentObject: {fileID: 0}
  m_PrefabInternal: {fileID: 0}
  serializedVersion: 4
  m_Component:
  - 224: {fileID: 1024631662}
  - 222: {fileID: 1024631664}
  - 114: {fileID: 1024631663}
  m_Layer: 5
  m_Name: Text
  m_TagString: Untagged
  m_Icon: {fileID: 0}
  m_NavMeshLayer: 0
  m_StaticEditorFlags: 0
  m_IsActive: 1
--- !u!224 &1024631662
RectTransform:
  m_ObjectHideFlags: 0
  m_PrefabParentObject: {fileID: 0}
  m_PrefabInternal: {fileID: 0}
  m_GameObject: {fileID: 1024631661}
  m_LocalRotation: {x: 0, y: 0, z: 0, w: 1}
  m_LocalPosition: {x: 0, y: 0, z: 0}
  m_LocalScale: {x: 1, y: 1, z: 1}
  m_LocalEulerAnglesHint: {x: 0, y: 0, z: 0}
  m_Children: []
  m_Father: {fileID: 788935499}
  m_RootOrder: 0
  m_AnchorMin: {x: 0, y: 0}
  m_AnchorMax: {x: 1, y: 1}
  m_AnchoredPosition: {x: 0, y: 0}
  m_SizeDelta: {x: 0, y: 0}
  m_Pivot: {x: 0.5, y: 0.5}
--- !u!114 &1024631663
MonoBehaviour:
  m_ObjectHideFlags: 0
  m_PrefabParentObject: {fileID: 0}
  m_PrefabInternal: {fileID: 0}
  m_GameObject: {fileID: 1024631661}
  m_Enabled: 1
  m_EditorHideFlags: 0
  m_Script: {fileID: 708705254, guid: f5f67c52d1564df4a8936ccd202a3bd8, type: 3}
  m_Name: 
  m_EditorClassIdentifier: 
  m_Material: {fileID: 0}
  m_Color: {r: 0.196, g: 0.196, b: 0.196, a: 1}
  m_RaycastTarget: 1
  m_OnCullStateChanged:
    m_PersistentCalls:
      m_Calls: []
    m_TypeName: UnityEngine.UI.MaskableGraphic+CullStateChangedEvent, UnityEngine.UI,
      Version=1.0.0.0, Culture=neutral, PublicKeyToken=null
  m_FontData:
    m_Font: {fileID: 10102, guid: 0000000000000000e000000000000000, type: 0}
    m_FontSize: 36
    m_FontStyle: 0
    m_BestFit: 0
    m_MinSize: 10
    m_MaxSize: 40
    m_Alignment: 4
    m_AlignByGeometry: 0
    m_RichText: 1
    m_HorizontalOverflow: 0
    m_VerticalOverflow: 0
    m_LineSpacing: 1
  m_Text: <
--- !u!222 &1024631664
CanvasRenderer:
  m_ObjectHideFlags: 0
  m_PrefabParentObject: {fileID: 0}
  m_PrefabInternal: {fileID: 0}
  m_GameObject: {fileID: 1024631661}
--- !u!1 &1360835555
GameObject:
  m_ObjectHideFlags: 0
  m_PrefabParentObject: {fileID: 0}
  m_PrefabInternal: {fileID: 0}
  serializedVersion: 4
  m_Component:
  - 224: {fileID: 1360835559}
  - 223: {fileID: 1360835558}
  - 114: {fileID: 1360835557}
  - 114: {fileID: 1360835556}
  m_Layer: 5
  m_Name: Canvas
  m_TagString: Untagged
  m_Icon: {fileID: 0}
  m_NavMeshLayer: 0
  m_StaticEditorFlags: 0
  m_IsActive: 1
--- !u!114 &1360835556
MonoBehaviour:
  m_ObjectHideFlags: 0
  m_PrefabParentObject: {fileID: 0}
  m_PrefabInternal: {fileID: 0}
  m_GameObject: {fileID: 1360835555}
  m_Enabled: 1
  m_EditorHideFlags: 0
  m_Script: {fileID: 1301386320, guid: f5f67c52d1564df4a8936ccd202a3bd8, type: 3}
  m_Name: 
  m_EditorClassIdentifier: 
  m_IgnoreReversedGraphics: 1
  m_BlockingObjects: 0
  m_BlockingMask:
    serializedVersion: 2
    m_Bits: 4294967295
--- !u!114 &1360835557
MonoBehaviour:
  m_ObjectHideFlags: 0
  m_PrefabParentObject: {fileID: 0}
  m_PrefabInternal: {fileID: 0}
  m_GameObject: {fileID: 1360835555}
  m_Enabled: 1
  m_EditorHideFlags: 0
  m_Script: {fileID: 1980459831, guid: f5f67c52d1564df4a8936ccd202a3bd8, type: 3}
  m_Name: 
  m_EditorClassIdentifier: 
  m_UiScaleMode: 0
  m_ReferencePixelsPerUnit: 100
  m_ScaleFactor: 1
  m_ReferenceResolution: {x: 800, y: 600}
  m_ScreenMatchMode: 0
  m_MatchWidthOrHeight: 0
  m_PhysicalUnit: 3
  m_FallbackScreenDPI: 96
  m_DefaultSpriteDPI: 96
  m_DynamicPixelsPerUnit: 1
--- !u!223 &1360835558
Canvas:
  m_ObjectHideFlags: 0
  m_PrefabParentObject: {fileID: 0}
  m_PrefabInternal: {fileID: 0}
  m_GameObject: {fileID: 1360835555}
  m_Enabled: 1
  serializedVersion: 2
  m_RenderMode: 0
  m_Camera: {fileID: 0}
  m_PlaneDistance: 100
  m_PixelPerfect: 0
  m_ReceivesEvents: 1
  m_OverrideSorting: 0
  m_OverridePixelPerfect: 0
  m_SortingBucketNormalizedSize: 0
  m_SortingLayerID: 0
  m_SortingOrder: 0
  m_TargetDisplay: 0
--- !u!224 &1360835559
RectTransform:
  m_ObjectHideFlags: 0
  m_PrefabParentObject: {fileID: 0}
  m_PrefabInternal: {fileID: 0}
  m_GameObject: {fileID: 1360835555}
  m_LocalRotation: {x: 0, y: 0, z: 0, w: 1}
  m_LocalPosition: {x: 0, y: 0, z: 0}
  m_LocalScale: {x: 0, y: 0, z: 0}
  m_LocalEulerAnglesHint: {x: 0, y: 0, z: 0}
  m_Children:
  - {fileID: 1894888384}
  m_Father: {fileID: 0}
  m_RootOrder: 4
  m_AnchorMin: {x: 0, y: 0}
  m_AnchorMax: {x: 0, y: 0}
  m_AnchoredPosition: {x: 0, y: 0}
  m_SizeDelta: {x: 0, y: 0}
  m_Pivot: {x: 0, y: 0}
--- !u!1001 &1363074535
Prefab:
  m_ObjectHideFlags: 0
  serializedVersion: 2
  m_Modification:
    m_TransformParent: {fileID: 0}
    m_Modifications:
    - target: {fileID: 400000, guid: 8358b2b46d696ac41af4f680e94dabee, type: 2}
      propertyPath: m_LocalPosition.x
      value: 0
      objectReference: {fileID: 0}
    - target: {fileID: 400000, guid: 8358b2b46d696ac41af4f680e94dabee, type: 2}
      propertyPath: m_LocalPosition.y
      value: 0
      objectReference: {fileID: 0}
    - target: {fileID: 400000, guid: 8358b2b46d696ac41af4f680e94dabee, type: 2}
      propertyPath: m_LocalPosition.z
      value: 0
      objectReference: {fileID: 0}
    - target: {fileID: 400000, guid: 8358b2b46d696ac41af4f680e94dabee, type: 2}
      propertyPath: m_LocalRotation.x
      value: 0
      objectReference: {fileID: 0}
    - target: {fileID: 400000, guid: 8358b2b46d696ac41af4f680e94dabee, type: 2}
      propertyPath: m_LocalRotation.y
      value: 0
      objectReference: {fileID: 0}
    - target: {fileID: 400000, guid: 8358b2b46d696ac41af4f680e94dabee, type: 2}
      propertyPath: m_LocalRotation.z
      value: 0
      objectReference: {fileID: 0}
    - target: {fileID: 400000, guid: 8358b2b46d696ac41af4f680e94dabee, type: 2}
      propertyPath: m_LocalRotation.w
      value: 1
      objectReference: {fileID: 0}
    - target: {fileID: 400000, guid: 8358b2b46d696ac41af4f680e94dabee, type: 2}
      propertyPath: m_RootOrder
      value: 3
      objectReference: {fileID: 0}
    m_RemovedComponents: []
  m_ParentPrefab: {fileID: 100100000, guid: 8358b2b46d696ac41af4f680e94dabee, type: 2}
  m_RootGameObject: {fileID: 802356834}
  m_IsPrefabParent: 0
--- !u!1 &1499499272
GameObject:
  m_ObjectHideFlags: 0
  m_PrefabParentObject: {fileID: 100026, guid: 8358b2b46d696ac41af4f680e94dabee, type: 2}
  m_PrefabInternal: {fileID: 1363074535}
  serializedVersion: 4
  m_Component:
  - 4: {fileID: 1499499273}
  - 33: {fileID: 1499499276}
  - 65: {fileID: 1499499275}
  - 23: {fileID: 1499499274}
  m_Layer: 0
  m_Name: Cube2
  m_TagString: Untagged
  m_Icon: {fileID: 0}
  m_NavMeshLayer: 0
  m_StaticEditorFlags: 0
  m_IsActive: 1
--- !u!4 &1499499273
Transform:
  m_ObjectHideFlags: 0
  m_PrefabParentObject: {fileID: 400026, guid: 8358b2b46d696ac41af4f680e94dabee, type: 2}
  m_PrefabInternal: {fileID: 1363074535}
  m_GameObject: {fileID: 1499499272}
  m_LocalRotation: {x: 0.00040782007, y: 0.13806275, z: -0.0007947285, w: 0.9904231}
  m_LocalPosition: {x: 21.966497, y: 14.965923, z: 2.344341}
  m_LocalScale: {x: 10, y: 10, z: 10}
  m_LocalEulerAnglesHint: {x: 0, y: 0, z: 0}
  m_Children: []
  m_Father: {fileID: 802356835}
  m_RootOrder: 12
--- !u!23 &1499499274
MeshRenderer:
  m_ObjectHideFlags: 0
  m_PrefabParentObject: {fileID: 2300024, guid: 8358b2b46d696ac41af4f680e94dabee,
    type: 2}
  m_PrefabInternal: {fileID: 1363074535}
  m_GameObject: {fileID: 1499499272}
  m_Enabled: 1
  m_CastShadows: 1
  m_ReceiveShadows: 1
  m_MotionVectors: 1
  m_LightProbeUsage: 0
  m_ReflectionProbeUsage: 1
  m_Materials:
  - {fileID: 2100000, guid: a1ec93de6313f924abaa57dbface4462, type: 2}
  m_SubsetIndices: 
  m_StaticBatchRoot: {fileID: 0}
  m_ProbeAnchor: {fileID: 0}
  m_LightProbeVolumeOverride: {fileID: 0}
  m_ScaleInLightmap: 1
  m_PreserveUVs: 0
  m_IgnoreNormalsForChartDetection: 0
  m_ImportantGI: 0
  m_SelectedWireframeHidden: 0
  m_MinimumChartSize: 4
  m_AutoUVMaxDistance: 0.5
  m_AutoUVMaxAngle: 89
  m_LightmapParameters: {fileID: 0}
  m_SortingLayerID: 0
  m_SortingOrder: 0
--- !u!65 &1499499275
BoxCollider:
  m_ObjectHideFlags: 0
  m_PrefabParentObject: {fileID: 6500006, guid: 8358b2b46d696ac41af4f680e94dabee,
    type: 2}
  m_PrefabInternal: {fileID: 1363074535}
  m_GameObject: {fileID: 1499499272}
  m_Material: {fileID: 0}
  m_IsTrigger: 0
  m_Enabled: 1
  serializedVersion: 2
  m_Size: {x: 1, y: 1, z: 1}
  m_Center: {x: 0, y: 0, z: 0}
--- !u!33 &1499499276
MeshFilter:
  m_ObjectHideFlags: 0
  m_PrefabParentObject: {fileID: 3300024, guid: 8358b2b46d696ac41af4f680e94dabee,
    type: 2}
  m_PrefabInternal: {fileID: 1363074535}
  m_GameObject: {fileID: 1499499272}
  m_Mesh: {fileID: 10202, guid: 0000000000000000e000000000000000, type: 0}
--- !u!1 &1571397740
GameObject:
  m_ObjectHideFlags: 0
  m_PrefabParentObject: {fileID: 100020, guid: 8358b2b46d696ac41af4f680e94dabee, type: 2}
  m_PrefabInternal: {fileID: 1363074535}
  serializedVersion: 4
  m_Component:
  - 4: {fileID: 1571397741}
  - 33: {fileID: 1571397744}
  - 65: {fileID: 1571397743}
  - 23: {fileID: 1571397742}
  m_Layer: 0
  m_Name: Cube3
  m_TagString: Untagged
  m_Icon: {fileID: 0}
  m_NavMeshLayer: 0
  m_StaticEditorFlags: 0
  m_IsActive: 1
--- !u!4 &1571397741
Transform:
  m_ObjectHideFlags: 0
  m_PrefabParentObject: {fileID: 400020, guid: 8358b2b46d696ac41af4f680e94dabee, type: 2}
  m_PrefabInternal: {fileID: 1363074535}
  m_GameObject: {fileID: 1571397740}
  m_LocalRotation: {x: -0.00025736846, y: -0.3629753, z: 0.00040133702, w: 0.9317987}
  m_LocalPosition: {x: 4, y: 13, z: -3.3}
  m_LocalScale: {x: 6.0462685, y: 6.0462685, z: 6.0462685}
  m_LocalEulerAnglesHint: {x: 0, y: 0, z: 0}
  m_Children: []
  m_Father: {fileID: 802356835}
  m_RootOrder: 13
--- !u!23 &1571397742
MeshRenderer:
  m_ObjectHideFlags: 0
  m_PrefabParentObject: {fileID: 2300018, guid: 8358b2b46d696ac41af4f680e94dabee,
    type: 2}
  m_PrefabInternal: {fileID: 1363074535}
  m_GameObject: {fileID: 1571397740}
  m_Enabled: 1
  m_CastShadows: 1
  m_ReceiveShadows: 1
  m_MotionVectors: 1
  m_LightProbeUsage: 0
  m_ReflectionProbeUsage: 1
  m_Materials:
  - {fileID: 2100000, guid: a1ec93de6313f924abaa57dbface4462, type: 2}
  m_SubsetIndices: 
  m_StaticBatchRoot: {fileID: 0}
  m_ProbeAnchor: {fileID: 0}
  m_LightProbeVolumeOverride: {fileID: 0}
  m_ScaleInLightmap: 1
  m_PreserveUVs: 0
  m_IgnoreNormalsForChartDetection: 0
  m_ImportantGI: 0
  m_SelectedWireframeHidden: 0
  m_MinimumChartSize: 4
  m_AutoUVMaxDistance: 0.5
  m_AutoUVMaxAngle: 89
  m_LightmapParameters: {fileID: 0}
  m_SortingLayerID: 0
  m_SortingOrder: 0
--- !u!65 &1571397743
BoxCollider:
  m_ObjectHideFlags: 0
  m_PrefabParentObject: {fileID: 6500002, guid: 8358b2b46d696ac41af4f680e94dabee,
    type: 2}
  m_PrefabInternal: {fileID: 1363074535}
  m_GameObject: {fileID: 1571397740}
  m_Material: {fileID: 0}
  m_IsTrigger: 0
  m_Enabled: 1
  serializedVersion: 2
  m_Size: {x: 1, y: 1, z: 1}
  m_Center: {x: 0, y: 0, z: 0}
--- !u!33 &1571397744
MeshFilter:
  m_ObjectHideFlags: 0
  m_PrefabParentObject: {fileID: 3300018, guid: 8358b2b46d696ac41af4f680e94dabee,
    type: 2}
  m_PrefabInternal: {fileID: 1363074535}
  m_GameObject: {fileID: 1571397740}
  m_Mesh: {fileID: 10202, guid: 0000000000000000e000000000000000, type: 0}
--- !u!1 &1614052926
GameObject:
  m_ObjectHideFlags: 0
  m_PrefabParentObject: {fileID: 100002, guid: 8358b2b46d696ac41af4f680e94dabee, type: 2}
  m_PrefabInternal: {fileID: 1363074535}
  serializedVersion: 4
  m_Component:
  - 4: {fileID: 1614052927}
  - 33: {fileID: 1614052930}
  - 135: {fileID: 1614052929}
  - 23: {fileID: 1614052928}
  m_Layer: 0
  m_Name: Sphere5
  m_TagString: Untagged
  m_Icon: {fileID: 0}
  m_NavMeshLayer: 0
  m_StaticEditorFlags: 0
  m_IsActive: 1
--- !u!4 &1614052927
Transform:
  m_ObjectHideFlags: 0
  m_PrefabParentObject: {fileID: 400002, guid: 8358b2b46d696ac41af4f680e94dabee, type: 2}
  m_PrefabInternal: {fileID: 1363074535}
  m_GameObject: {fileID: 1614052926}
  m_LocalRotation: {x: 0, y: 0, z: -8.8561875e-10, w: 1}
  m_LocalPosition: {x: 36.56, y: 4.6644998, z: 17.02}
  m_LocalScale: {x: 9.3689995, y: 9.3689995, z: 9.3689995}
  m_LocalEulerAnglesHint: {x: 0, y: 0, z: 0}
  m_Children: []
  m_Father: {fileID: 802356835}
  m_RootOrder: 5
--- !u!23 &1614052928
MeshRenderer:
  m_ObjectHideFlags: 0
  m_PrefabParentObject: {fileID: 2300000, guid: 8358b2b46d696ac41af4f680e94dabee,
    type: 2}
  m_PrefabInternal: {fileID: 1363074535}
  m_GameObject: {fileID: 1614052926}
  m_Enabled: 1
  m_CastShadows: 1
  m_ReceiveShadows: 1
  m_MotionVectors: 1
  m_LightProbeUsage: 0
  m_ReflectionProbeUsage: 1
  m_Materials:
  - {fileID: 2100000, guid: a1ec93de6313f924abaa57dbface4462, type: 2}
  m_SubsetIndices: 
  m_StaticBatchRoot: {fileID: 0}
  m_ProbeAnchor: {fileID: 0}
  m_LightProbeVolumeOverride: {fileID: 0}
  m_ScaleInLightmap: 1
  m_PreserveUVs: 0
  m_IgnoreNormalsForChartDetection: 0
  m_ImportantGI: 0
  m_SelectedWireframeHidden: 0
  m_MinimumChartSize: 4
  m_AutoUVMaxDistance: 0.5
  m_AutoUVMaxAngle: 89
  m_LightmapParameters: {fileID: 0}
  m_SortingLayerID: 0
  m_SortingOrder: 0
--- !u!135 &1614052929
SphereCollider:
  m_ObjectHideFlags: 0
  m_PrefabParentObject: {fileID: 13500000, guid: 8358b2b46d696ac41af4f680e94dabee,
    type: 2}
  m_PrefabInternal: {fileID: 1363074535}
  m_GameObject: {fileID: 1614052926}
  m_Material: {fileID: 0}
  m_IsTrigger: 0
  m_Enabled: 1
  serializedVersion: 2
  m_Radius: 0.5
  m_Center: {x: 0, y: 0, z: 0}
--- !u!33 &1614052930
MeshFilter:
  m_ObjectHideFlags: 0
  m_PrefabParentObject: {fileID: 3300000, guid: 8358b2b46d696ac41af4f680e94dabee,
    type: 2}
  m_PrefabInternal: {fileID: 1363074535}
  m_GameObject: {fileID: 1614052926}
  m_Mesh: {fileID: 10207, guid: 0000000000000000e000000000000000, type: 0}
--- !u!1 &1694982012
GameObject:
  m_ObjectHideFlags: 0
  m_PrefabParentObject: {fileID: 100012, guid: 8358b2b46d696ac41af4f680e94dabee, type: 2}
  m_PrefabInternal: {fileID: 1363074535}
  serializedVersion: 4
  m_Component:
  - 4: {fileID: 1694982013}
  - 33: {fileID: 1694982016}
  - 135: {fileID: 1694982015}
  - 23: {fileID: 1694982014}
  m_Layer: 0
  m_Name: Sphere2
  m_TagString: Untagged
  m_Icon: {fileID: 0}
  m_NavMeshLayer: 0
  m_StaticEditorFlags: 0
  m_IsActive: 1
--- !u!4 &1694982013
Transform:
  m_ObjectHideFlags: 0
  m_PrefabParentObject: {fileID: 400012, guid: 8358b2b46d696ac41af4f680e94dabee, type: 2}
  m_PrefabInternal: {fileID: 1363074535}
  m_GameObject: {fileID: 1694982012}
  m_LocalRotation: {x: 0.03548329, y: 0.008614307, z: -0.038708143, w: 0.99858326}
  m_LocalPosition: {x: 13.73, y: 12.48, z: 19.64}
  m_LocalScale: {x: 25, y: 25, z: 25}
  m_LocalEulerAnglesHint: {x: 0, y: 0, z: 0}
  m_Children: []
  m_Father: {fileID: 802356835}
  m_RootOrder: 2
--- !u!23 &1694982014
MeshRenderer:
  m_ObjectHideFlags: 0
  m_PrefabParentObject: {fileID: 2300010, guid: 8358b2b46d696ac41af4f680e94dabee,
    type: 2}
  m_PrefabInternal: {fileID: 1363074535}
  m_GameObject: {fileID: 1694982012}
  m_Enabled: 1
  m_CastShadows: 1
  m_ReceiveShadows: 1
  m_MotionVectors: 1
  m_LightProbeUsage: 0
  m_ReflectionProbeUsage: 1
  m_Materials:
  - {fileID: 2100000, guid: a1ec93de6313f924abaa57dbface4462, type: 2}
  m_SubsetIndices: 
  m_StaticBatchRoot: {fileID: 0}
  m_ProbeAnchor: {fileID: 0}
  m_LightProbeVolumeOverride: {fileID: 0}
  m_ScaleInLightmap: 1
  m_PreserveUVs: 0
  m_IgnoreNormalsForChartDetection: 0
  m_ImportantGI: 0
  m_SelectedWireframeHidden: 0
  m_MinimumChartSize: 4
  m_AutoUVMaxDistance: 0.5
  m_AutoUVMaxAngle: 89
  m_LightmapParameters: {fileID: 0}
  m_SortingLayerID: 0
  m_SortingOrder: 0
--- !u!135 &1694982015
SphereCollider:
  m_ObjectHideFlags: 0
  m_PrefabParentObject: {fileID: 13500006, guid: 8358b2b46d696ac41af4f680e94dabee,
    type: 2}
  m_PrefabInternal: {fileID: 1363074535}
  m_GameObject: {fileID: 1694982012}
  m_Material: {fileID: 0}
  m_IsTrigger: 0
  m_Enabled: 1
  serializedVersion: 2
  m_Radius: 0.5
  m_Center: {x: 0, y: 0, z: 0}
--- !u!33 &1694982016
MeshFilter:
  m_ObjectHideFlags: 0
  m_PrefabParentObject: {fileID: 3300010, guid: 8358b2b46d696ac41af4f680e94dabee,
    type: 2}
  m_PrefabInternal: {fileID: 1363074535}
  m_GameObject: {fileID: 1694982012}
  m_Mesh: {fileID: 10207, guid: 0000000000000000e000000000000000, type: 0}
--- !u!1 &1708989389
GameObject:
  m_ObjectHideFlags: 0
  m_PrefabParentObject: {fileID: 0}
  m_PrefabInternal: {fileID: 0}
  serializedVersion: 4
  m_Component:
  - 224: {fileID: 1708989390}
  - 222: {fileID: 1708989393}
  - 114: {fileID: 1708989392}
  - 114: {fileID: 1708989391}
  m_Layer: 5
  m_Name: Button
  m_TagString: Untagged
  m_Icon: {fileID: 0}
  m_NavMeshLayer: 0
  m_StaticEditorFlags: 0
  m_IsActive: 1
--- !u!224 &1708989390
RectTransform:
  m_ObjectHideFlags: 0
  m_PrefabParentObject: {fileID: 0}
  m_PrefabInternal: {fileID: 0}
  m_GameObject: {fileID: 1708989389}
  m_LocalRotation: {x: 0, y: 0, z: 0, w: 1}
  m_LocalPosition: {x: 0, y: 0, z: 0}
  m_LocalScale: {x: 1, y: 1, z: 1}
  m_LocalEulerAnglesHint: {x: 0, y: 0, z: 0}
  m_Children:
  - {fileID: 311502699}
  m_Father: {fileID: 1894888384}
  m_RootOrder: 1
  m_AnchorMin: {x: 1, y: 0.5}
  m_AnchorMax: {x: 1, y: 0.5}
  m_AnchoredPosition: {x: -29.349998, y: 0.00000047683716}
  m_SizeDelta: {x: 58.699997, y: 67}
  m_Pivot: {x: 0.5, y: 0.5}
--- !u!114 &1708989391
MonoBehaviour:
  m_ObjectHideFlags: 0
  m_PrefabParentObject: {fileID: 0}
  m_PrefabInternal: {fileID: 0}
  m_GameObject: {fileID: 1708989389}
  m_Enabled: 1
  m_EditorHideFlags: 0
  m_Script: {fileID: 1392445389, guid: f5f67c52d1564df4a8936ccd202a3bd8, type: 3}
  m_Name: 
  m_EditorClassIdentifier: 
  m_Navigation:
    m_Mode: 3
    m_SelectOnUp: {fileID: 0}
    m_SelectOnDown: {fileID: 0}
    m_SelectOnLeft: {fileID: 0}
    m_SelectOnRight: {fileID: 0}
  m_Transition: 1
  m_Colors:
    m_NormalColor: {r: 1, g: 1, b: 1, a: 1}
    m_HighlightedColor: {r: 0.9607843, g: 0.9607843, b: 0.9607843, a: 1}
    m_PressedColor: {r: 0.78431374, g: 0.78431374, b: 0.78431374, a: 1}
    m_DisabledColor: {r: 0.78431374, g: 0.78431374, b: 0.78431374, a: 0.5019608}
    m_ColorMultiplier: 1
    m_FadeDuration: 0.1
  m_SpriteState:
    m_HighlightedSprite: {fileID: 0}
    m_PressedSprite: {fileID: 0}
    m_DisabledSprite: {fileID: 0}
  m_AnimationTriggers:
    m_NormalTrigger: Normal
    m_HighlightedTrigger: Highlighted
    m_PressedTrigger: Pressed
    m_DisabledTrigger: Disabled
  m_Interactable: 1
  m_TargetGraphic: {fileID: 1708989392}
  m_OnClick:
    m_PersistentCalls:
      m_Calls:
      - m_Target: {fileID: 880747136}
        m_MethodName: Next
        m_Mode: 1
        m_Arguments:
          m_ObjectArgument: {fileID: 0}
          m_ObjectArgumentAssemblyTypeName: UnityEngine.Object, UnityEngine
          m_IntArgument: 0
          m_FloatArgument: 0
          m_StringArgument: 
          m_BoolArgument: 0
        m_CallState: 2
    m_TypeName: UnityEngine.UI.Button+ButtonClickedEvent, UnityEngine.UI, Version=1.0.0.0,
      Culture=neutral, PublicKeyToken=null
--- !u!114 &1708989392
MonoBehaviour:
  m_ObjectHideFlags: 0
  m_PrefabParentObject: {fileID: 0}
  m_PrefabInternal: {fileID: 0}
  m_GameObject: {fileID: 1708989389}
  m_Enabled: 1
  m_EditorHideFlags: 0
  m_Script: {fileID: -765806418, guid: f5f67c52d1564df4a8936ccd202a3bd8, type: 3}
  m_Name: 
  m_EditorClassIdentifier: 
  m_Material: {fileID: 0}
  m_Color: {r: 1, g: 1, b: 1, a: 1}
  m_RaycastTarget: 1
  m_OnCullStateChanged:
    m_PersistentCalls:
      m_Calls: []
    m_TypeName: UnityEngine.UI.MaskableGraphic+CullStateChangedEvent, UnityEngine.UI,
      Version=1.0.0.0, Culture=neutral, PublicKeyToken=null
  m_Sprite: {fileID: 10905, guid: 0000000000000000f000000000000000, type: 0}
  m_Type: 1
  m_PreserveAspect: 0
  m_FillCenter: 1
  m_FillMethod: 4
  m_FillAmount: 1
  m_FillClockwise: 1
  m_FillOrigin: 0
--- !u!222 &1708989393
CanvasRenderer:
  m_ObjectHideFlags: 0
  m_PrefabParentObject: {fileID: 0}
  m_PrefabInternal: {fileID: 0}
  m_GameObject: {fileID: 1708989389}
--- !u!1 &1879972499
GameObject:
  m_ObjectHideFlags: 0
  m_PrefabParentObject: {fileID: 100028, guid: 8358b2b46d696ac41af4f680e94dabee, type: 2}
  m_PrefabInternal: {fileID: 1363074535}
  serializedVersion: 4
  m_Component:
  - 4: {fileID: 1879972500}
  - 33: {fileID: 1879972503}
  - 136: {fileID: 1879972502}
  - 23: {fileID: 1879972501}
  m_Layer: 0
  m_Name: Capsule3
  m_TagString: Untagged
  m_Icon: {fileID: 0}
  m_NavMeshLayer: 0
  m_StaticEditorFlags: 0
  m_IsActive: 1
--- !u!4 &1879972500
Transform:
  m_ObjectHideFlags: 0
  m_PrefabParentObject: {fileID: 400028, guid: 8358b2b46d696ac41af4f680e94dabee, type: 2}
  m_PrefabInternal: {fileID: 1363074535}
  m_GameObject: {fileID: 1879972499}
  m_LocalRotation: {x: 0.82781756, y: -0.4987965, z: -0.25403792, w: 0.037213806}
  m_LocalPosition: {x: -9.9, y: 5.2, z: -4.8}
  m_LocalScale: {x: 7, y: 7, z: 7}
  m_LocalEulerAnglesHint: {x: 0, y: 0, z: 0}
  m_Children: []
  m_Father: {fileID: 802356835}
  m_RootOrder: 9
--- !u!23 &1879972501
MeshRenderer:
  m_ObjectHideFlags: 0
  m_PrefabParentObject: {fileID: 2300026, guid: 8358b2b46d696ac41af4f680e94dabee,
    type: 2}
  m_PrefabInternal: {fileID: 1363074535}
  m_GameObject: {fileID: 1879972499}
  m_Enabled: 1
  m_CastShadows: 1
  m_ReceiveShadows: 1
  m_MotionVectors: 1
  m_LightProbeUsage: 0
  m_ReflectionProbeUsage: 1
  m_Materials:
  - {fileID: 2100000, guid: a1ec93de6313f924abaa57dbface4462, type: 2}
  m_SubsetIndices: 
  m_StaticBatchRoot: {fileID: 0}
  m_ProbeAnchor: {fileID: 0}
  m_LightProbeVolumeOverride: {fileID: 0}
  m_ScaleInLightmap: 1
  m_PreserveUVs: 0
  m_IgnoreNormalsForChartDetection: 0
  m_ImportantGI: 0
  m_SelectedWireframeHidden: 0
  m_MinimumChartSize: 4
  m_AutoUVMaxDistance: 0.5
  m_AutoUVMaxAngle: 89
  m_LightmapParameters: {fileID: 0}
  m_SortingLayerID: 0
  m_SortingOrder: 0
--- !u!136 &1879972502
CapsuleCollider:
  m_ObjectHideFlags: 0
  m_PrefabParentObject: {fileID: 13600004, guid: 8358b2b46d696ac41af4f680e94dabee,
    type: 2}
  m_PrefabInternal: {fileID: 1363074535}
  m_GameObject: {fileID: 1879972499}
  m_Material: {fileID: 0}
  m_IsTrigger: 0
  m_Enabled: 1
  m_Radius: 0.5
  m_Height: 2
  m_Direction: 1
  m_Center: {x: 0, y: 0, z: 0}
--- !u!33 &1879972503
MeshFilter:
  m_ObjectHideFlags: 0
  m_PrefabParentObject: {fileID: 3300026, guid: 8358b2b46d696ac41af4f680e94dabee,
    type: 2}
  m_PrefabInternal: {fileID: 1363074535}
  m_GameObject: {fileID: 1879972499}
  m_Mesh: {fileID: 10208, guid: 0000000000000000e000000000000000, type: 0}
--- !u!1 &1894888383
GameObject:
  m_ObjectHideFlags: 0
  m_PrefabParentObject: {fileID: 0}
  m_PrefabInternal: {fileID: 0}
  serializedVersion: 4
  m_Component:
  - 224: {fileID: 1894888384}
  - 222: {fileID: 1894888386}
  - 114: {fileID: 1894888385}
  m_Layer: 5
  m_Name: Panel
  m_TagString: Untagged
  m_Icon: {fileID: 0}
  m_NavMeshLayer: 0
  m_StaticEditorFlags: 0
  m_IsActive: 1
--- !u!224 &1894888384
RectTransform:
  m_ObjectHideFlags: 0
  m_PrefabParentObject: {fileID: 0}
  m_PrefabInternal: {fileID: 0}
  m_GameObject: {fileID: 1894888383}
  m_LocalRotation: {x: 0, y: 0, z: 0, w: 1}
  m_LocalPosition: {x: 0, y: 0, z: 0}
  m_LocalScale: {x: 1, y: 1, z: 1}
  m_LocalEulerAnglesHint: {x: 0, y: 0, z: 0}
  m_Children:
  - {fileID: 788935499}
  - {fileID: 1708989390}
  - {fileID: 2076761183}
  m_Father: {fileID: 1360835559}
  m_RootOrder: 0
  m_AnchorMin: {x: 0, y: 1}
  m_AnchorMax: {x: 0, y: 1}
  m_AnchoredPosition: {x: 13.200012, y: -13.799988}
  m_SizeDelta: {x: 342.5, y: 67}
  m_Pivot: {x: 0, y: 1}
--- !u!114 &1894888385
MonoBehaviour:
  m_ObjectHideFlags: 0
  m_PrefabParentObject: {fileID: 0}
  m_PrefabInternal: {fileID: 0}
  m_GameObject: {fileID: 1894888383}
  m_Enabled: 1
  m_EditorHideFlags: 0
  m_Script: {fileID: -765806418, guid: f5f67c52d1564df4a8936ccd202a3bd8, type: 3}
  m_Name: 
  m_EditorClassIdentifier: 
  m_Material: {fileID: 0}
  m_Color: {r: 1, g: 1, b: 1, a: 0.392}
  m_RaycastTarget: 1
  m_OnCullStateChanged:
    m_PersistentCalls:
      m_Calls: []
    m_TypeName: UnityEngine.UI.MaskableGraphic+CullStateChangedEvent, UnityEngine.UI,
      Version=1.0.0.0, Culture=neutral, PublicKeyToken=null
  m_Sprite: {fileID: 10907, guid: 0000000000000000f000000000000000, type: 0}
  m_Type: 1
  m_PreserveAspect: 0
  m_FillCenter: 1
  m_FillMethod: 4
  m_FillAmount: 1
  m_FillClockwise: 1
  m_FillOrigin: 0
--- !u!222 &1894888386
CanvasRenderer:
  m_ObjectHideFlags: 0
  m_PrefabParentObject: {fileID: 0}
  m_PrefabInternal: {fileID: 0}
  m_GameObject: {fileID: 1894888383}
--- !u!1 &1970955747
GameObject:
  m_ObjectHideFlags: 0
  m_PrefabParentObject: {fileID: 0}
  m_PrefabInternal: {fileID: 0}
  serializedVersion: 4
  m_Component:
  - 4: {fileID: 1970955750}
  - 218: {fileID: 1970955749}
  - 154: {fileID: 1970955748}
  m_Layer: 0
  m_Name: Terrain
  m_TagString: Untagged
  m_Icon: {fileID: 0}
  m_NavMeshLayer: 0
  m_StaticEditorFlags: 4294967295
  m_IsActive: 1
--- !u!154 &1970955748
TerrainCollider:
  m_ObjectHideFlags: 0
  m_PrefabParentObject: {fileID: 0}
  m_PrefabInternal: {fileID: 0}
  m_GameObject: {fileID: 1970955747}
  m_Material: {fileID: 0}
  m_Enabled: 1
  m_TerrainData: {fileID: 15600000, guid: ced322ea7e3c1a2419a43df2a5fa2ebd, type: 2}
  m_EnableTreeColliders: 1
--- !u!218 &1970955749
Terrain:
  m_ObjectHideFlags: 0
  m_PrefabParentObject: {fileID: 0}
  m_PrefabInternal: {fileID: 0}
  m_GameObject: {fileID: 1970955747}
  m_Enabled: 1
  serializedVersion: 3
  m_TerrainData: {fileID: 15600000, guid: ced322ea7e3c1a2419a43df2a5fa2ebd, type: 2}
  m_TreeDistance: 2000
  m_TreeBillboardDistance: 50
  m_TreeCrossFadeLength: 5
  m_TreeMaximumFullLODCount: 50
  m_DetailObjectDistance: 80
  m_DetailObjectDensity: 1
  m_HeightmapPixelError: 5
  m_SplatMapDistance: 1000
  m_HeightmapMaximumLOD: 0
  m_CastShadows: 1
  m_DrawHeightmap: 1
  m_DrawTreesAndFoliage: 1
  m_ReflectionProbeUsage: 1
  m_MaterialType: 1
  m_LegacySpecular:
    serializedVersion: 2
    rgba: 4286545791
  m_LegacyShininess: 0.078125
  m_MaterialTemplate: {fileID: 0}
  m_BakeLightProbesForTrees: 1
  m_ScaleInLightmap: 1
  m_LightmapParameters: {fileID: 15203, guid: 0000000000000000f000000000000000, type: 0}
--- !u!4 &1970955750
Transform:
  m_ObjectHideFlags: 0
  m_PrefabParentObject: {fileID: 0}
  m_PrefabInternal: {fileID: 0}
  m_GameObject: {fileID: 1970955747}
  m_LocalRotation: {x: 0, y: 0, z: 0, w: 1}
  m_LocalPosition: {x: -128, y: 0, z: -128}
  m_LocalScale: {x: 1, y: 1, z: 1}
  m_LocalEulerAnglesHint: {x: 0, y: 0, z: 0}
  m_Children: []
  m_Father: {fileID: 0}
  m_RootOrder: 2
--- !u!1 &2072362789
GameObject:
  m_ObjectHideFlags: 0
  m_PrefabParentObject: {fileID: 100008, guid: 8358b2b46d696ac41af4f680e94dabee, type: 2}
  m_PrefabInternal: {fileID: 1363074535}
  serializedVersion: 4
  m_Component:
  - 4: {fileID: 2072362790}
  - 33: {fileID: 2072362793}
  - 135: {fileID: 2072362792}
  - 23: {fileID: 2072362791}
  m_Layer: 0
  m_Name: Sphere4
  m_TagString: Untagged
  m_Icon: {fileID: 0}
  m_NavMeshLayer: 0
  m_StaticEditorFlags: 0
  m_IsActive: 1
--- !u!4 &2072362790
Transform:
  m_ObjectHideFlags: 0
  m_PrefabParentObject: {fileID: 400008, guid: 8358b2b46d696ac41af4f680e94dabee, type: 2}
  m_PrefabInternal: {fileID: 1363074535}
  m_GameObject: {fileID: 2072362789}
  m_LocalRotation: {x: 0, y: 0, z: 1.2143939e-10, w: 1}
  m_LocalPosition: {x: 28.23, y: 3.82, z: 16.01}
  m_LocalScale: {x: 7.689324, y: 7.689324, z: 7.689324}
  m_LocalEulerAnglesHint: {x: 0, y: 0, z: 0}
  m_Children: []
  m_Father: {fileID: 802356835}
  m_RootOrder: 4
--- !u!23 &2072362791
MeshRenderer:
  m_ObjectHideFlags: 0
  m_PrefabParentObject: {fileID: 2300006, guid: 8358b2b46d696ac41af4f680e94dabee,
    type: 2}
  m_PrefabInternal: {fileID: 1363074535}
  m_GameObject: {fileID: 2072362789}
  m_Enabled: 1
  m_CastShadows: 1
  m_ReceiveShadows: 1
  m_MotionVectors: 1
  m_LightProbeUsage: 0
  m_ReflectionProbeUsage: 1
  m_Materials:
  - {fileID: 2100000, guid: a1ec93de6313f924abaa57dbface4462, type: 2}
  m_SubsetIndices: 
  m_StaticBatchRoot: {fileID: 0}
  m_ProbeAnchor: {fileID: 0}
  m_LightProbeVolumeOverride: {fileID: 0}
  m_ScaleInLightmap: 1
  m_PreserveUVs: 0
  m_IgnoreNormalsForChartDetection: 0
  m_ImportantGI: 0
  m_SelectedWireframeHidden: 0
  m_MinimumChartSize: 4
  m_AutoUVMaxDistance: 0.5
  m_AutoUVMaxAngle: 89
  m_LightmapParameters: {fileID: 0}
  m_SortingLayerID: 0
  m_SortingOrder: 0
--- !u!135 &2072362792
SphereCollider:
  m_ObjectHideFlags: 0
  m_PrefabParentObject: {fileID: 13500004, guid: 8358b2b46d696ac41af4f680e94dabee,
    type: 2}
  m_PrefabInternal: {fileID: 1363074535}
  m_GameObject: {fileID: 2072362789}
  m_Material: {fileID: 0}
  m_IsTrigger: 0
  m_Enabled: 1
  serializedVersion: 2
  m_Radius: 0.5
  m_Center: {x: 0, y: 0, z: 0}
--- !u!33 &2072362793
MeshFilter:
  m_ObjectHideFlags: 0
  m_PrefabParentObject: {fileID: 3300006, guid: 8358b2b46d696ac41af4f680e94dabee,
    type: 2}
  m_PrefabInternal: {fileID: 1363074535}
  m_GameObject: {fileID: 2072362789}
  m_Mesh: {fileID: 10207, guid: 0000000000000000e000000000000000, type: 0}
--- !u!1 &2076761182
GameObject:
  m_ObjectHideFlags: 0
  m_PrefabParentObject: {fileID: 0}
  m_PrefabInternal: {fileID: 0}
  serializedVersion: 4
  m_Component:
  - 224: {fileID: 2076761183}
  - 222: {fileID: 2076761185}
  - 114: {fileID: 2076761184}
  m_Layer: 5
  m_Name: Text
  m_TagString: Untagged
  m_Icon: {fileID: 0}
  m_NavMeshLayer: 0
  m_StaticEditorFlags: 0
  m_IsActive: 1
--- !u!224 &2076761183
RectTransform:
  m_ObjectHideFlags: 0
  m_PrefabParentObject: {fileID: 0}
  m_PrefabInternal: {fileID: 0}
  m_GameObject: {fileID: 2076761182}
  m_LocalRotation: {x: 0, y: 0, z: 0, w: 1}
  m_LocalPosition: {x: 0, y: 0, z: 0}
  m_LocalScale: {x: 1, y: 1, z: 1}
  m_LocalEulerAnglesHint: {x: 0, y: 0, z: 0}
  m_Children: []
  m_Father: {fileID: 1894888384}
  m_RootOrder: 2
  m_AnchorMin: {x: 0.5, y: 0.5}
  m_AnchorMax: {x: 0.5, y: 0.5}
  m_AnchoredPosition: {x: 0.000009179115, y: 0.000022888184}
  m_SizeDelta: {x: 225.1, y: 67}
  m_Pivot: {x: 0.5, y: 0.5}
--- !u!114 &2076761184
MonoBehaviour:
  m_ObjectHideFlags: 0
  m_PrefabParentObject: {fileID: 0}
  m_PrefabInternal: {fileID: 0}
  m_GameObject: {fileID: 2076761182}
  m_Enabled: 1
  m_EditorHideFlags: 0
  m_Script: {fileID: 708705254, guid: f5f67c52d1564df4a8936ccd202a3bd8, type: 3}
  m_Name: 
  m_EditorClassIdentifier: 
  m_Material: {fileID: 0}
  m_Color: {r: 0.1953125, g: 0.1953125, b: 0.1953125, a: 1}
  m_RaycastTarget: 1
  m_OnCullStateChanged:
    m_PersistentCalls:
      m_Calls: []
    m_TypeName: UnityEngine.UI.MaskableGraphic+CullStateChangedEvent, UnityEngine.UI,
      Version=1.0.0.0, Culture=neutral, PublicKeyToken=null
  m_FontData:
    m_Font: {fileID: 10102, guid: 0000000000000000e000000000000000, type: 0}
    m_FontSize: 14
    m_FontStyle: 0
    m_BestFit: 0
    m_MinSize: 10
    m_MaxSize: 40
    m_Alignment: 4
    m_AlignByGeometry: 0
    m_RichText: 1
    m_HorizontalOverflow: 0
    m_VerticalOverflow: 0
    m_LineSpacing: 1
  m_Text: OutText
--- !u!222 &2076761185
CanvasRenderer:
  m_ObjectHideFlags: 0
  m_PrefabParentObject: {fileID: 0}
  m_PrefabInternal: {fileID: 0}
  m_GameObject: {fileID: 2076761182}
