%YAML 1.1
%TAG !u! tag:unity3d.com,2011:
--- !u!1001 &100100000
Prefab:
  m_ObjectHideFlags: 1
  serializedVersion: 2
  m_Modification:
    m_TransformParent: {fileID: 0}
    m_Modifications: []
    m_RemovedComponents: []
  m_ParentPrefab: {fileID: 0}
  m_RootGameObject: {fileID: 1000010302388996}
  m_IsPrefabParent: 1
--- !u!1 &1000010111628000
GameObject:
  m_ObjectHideFlags: 1
  m_PrefabParentObject: {fileID: 0}
  m_PrefabInternal: {fileID: 100100000}
  serializedVersion: 4
  m_Component:
  - 4: {fileID: 4000012851537872}
  - 33: {fileID: 33000010396828736}
  - 23: {fileID: 23000013577353122}
  - 114: {fileID: 114000010210420626}
  m_Layer: 0
  m_Name: Cloud Billboard
  m_TagString: Untagged
  m_Icon: {fileID: 0}
  m_NavMeshLayer: 0
  m_StaticEditorFlags: 0
  m_IsActive: 1
--- !u!1 &1000010131316028
GameObject:
  m_ObjectHideFlags: 1
  m_PrefabParentObject: {fileID: 0}
  m_PrefabInternal: {fileID: 100100000}
  serializedVersion: 4
  m_Component:
  - 4: {fileID: 4000013936319632}
  - 33: {fileID: 33000011724426602}
  - 23: {fileID: 23000011147110168}
  - 114: {fileID: 114000010783130576}
  m_Layer: 0
  m_Name: Cloud Billboard
  m_TagString: Untagged
  m_Icon: {fileID: 0}
  m_NavMeshLayer: 0
  m_StaticEditorFlags: 0
  m_IsActive: 1
--- !u!1 &1000010302388996
GameObject:
  m_ObjectHideFlags: 0
  m_PrefabParentObject: {fileID: 0}
  m_PrefabInternal: {fileID: 100100000}
  serializedVersion: 4
  m_Component:
  - 4: {fileID: 4000013325091244}
  - 114: {fileID: 114000012893561164}
  - 114: {fileID: 114000010180369142}
  - 114: {fileID: 114000012311298770}
  - 114: {fileID: 114000010942836646}
  - 114: {fileID: 114000013103559328}
  m_Layer: 0
  m_Name: MenuSkyDome
  m_TagString: Untagged
  m_Icon: {fileID: 0}
  m_NavMeshLayer: 0
  m_StaticEditorFlags: 0
  m_IsActive: 1
--- !u!1 &1000010338729194
GameObject:
  m_ObjectHideFlags: 1
  m_PrefabParentObject: {fileID: 0}
  m_PrefabInternal: {fileID: 100100000}
  serializedVersion: 4
  m_Component:
  - 4: {fileID: 4000010405579164}
  - 33: {fileID: 33000013153339204}
  - 23: {fileID: 23000012026536002}
  - 114: {fileID: 114000014059137722}
  m_Layer: 0
  m_Name: Cloud Billboard
  m_TagString: Untagged
  m_Icon: {fileID: 0}
  m_NavMeshLayer: 0
  m_StaticEditorFlags: 0
  m_IsActive: 1
--- !u!1 &1000010428685610
GameObject:
  m_ObjectHideFlags: 0
  m_PrefabParentObject: {fileID: 0}
  m_PrefabInternal: {fileID: 100100000}
  serializedVersion: 4
  m_Component:
  - 4: {fileID: 4000013130100394}
  - 33: {fileID: 33000013802418936}
  - 23: {fileID: 23000011580805070}
  m_Layer: 0
  m_Name: Space
  m_TagString: Untagged
  m_Icon: {fileID: 0}
  m_NavMeshLayer: 0
  m_StaticEditorFlags: 0
  m_IsActive: 0
--- !u!1 &1000010593757558
GameObject:
  m_ObjectHideFlags: 0
  m_PrefabParentObject: {fileID: 0}
  m_PrefabInternal: {fileID: 100100000}
  serializedVersion: 4
  m_Component:
  - 4: {fileID: 4000012350313548}
  - 33: {fileID: 33000013897110514}
  - 23: {fileID: 23000010528257406}
  m_Layer: 0
  m_Name: Atmosphere
  m_TagString: Untagged
  m_Icon: {fileID: 0}
  m_NavMeshLayer: 0
  m_StaticEditorFlags: 0
  m_IsActive: 1
--- !u!1 &1000010787209586
GameObject:
  m_ObjectHideFlags: 1
  m_PrefabParentObject: {fileID: 0}
  m_PrefabInternal: {fileID: 100100000}
  serializedVersion: 4
  m_Component:
  - 4: {fileID: 4000010366855234}
  - 33: {fileID: 33000012164007212}
  - 23: {fileID: 23000011136716878}
  - 114: {fileID: 114000014110572482}
  m_Layer: 0
  m_Name: Cloud Billboard
  m_TagString: Untagged
  m_Icon: {fileID: 0}
  m_NavMeshLayer: 0
  m_StaticEditorFlags: 0
  m_IsActive: 1
--- !u!1 &1000010811587284
GameObject:
  m_ObjectHideFlags: 1
  m_PrefabParentObject: {fileID: 0}
  m_PrefabInternal: {fileID: 100100000}
  serializedVersion: 4
  m_Component:
  - 4: {fileID: 4000012827340278}
  - 33: {fileID: 33000013104573612}
  - 23: {fileID: 23000010554148108}
  - 114: {fileID: 114000014276982764}
  m_Layer: 0
  m_Name: Cloud Billboard
  m_TagString: Untagged
  m_Icon: {fileID: 0}
  m_NavMeshLayer: 0
  m_StaticEditorFlags: 0
  m_IsActive: 1
--- !u!1 &1000010908629224
GameObject:
  m_ObjectHideFlags: 0
  m_PrefabParentObject: {fileID: 0}
  m_PrefabInternal: {fileID: 100100000}
  serializedVersion: 4
  m_Component:
  - 4: {fileID: 4000013951072448}
  - 33: {fileID: 33000012372359660}
  - 23: {fileID: 23000013398463946}
  m_Layer: 0
  m_Name: Clear
  m_TagString: Untagged
  m_Icon: {fileID: 0}
  m_NavMeshLayer: 0
  m_StaticEditorFlags: 0
  m_IsActive: 1
--- !u!1 &1000011091020528
GameObject:
  m_ObjectHideFlags: 1
  m_PrefabParentObject: {fileID: 0}
  m_PrefabInternal: {fileID: 100100000}
  serializedVersion: 4
  m_Component:
  - 4: {fileID: 4000010021889014}
  - 33: {fileID: 33000010966810234}
  - 23: {fileID: 23000014214650148}
  - 114: {fileID: 114000012782893884}
  m_Layer: 0
  m_Name: Cloud Billboard
  m_TagString: Untagged
  m_Icon: {fileID: 0}
  m_NavMeshLayer: 0
  m_StaticEditorFlags: 0
  m_IsActive: 1
--- !u!1 &1000011558539222
GameObject:
  m_ObjectHideFlags: 0
  m_PrefabParentObject: {fileID: 0}
  m_PrefabInternal: {fileID: 100100000}
  serializedVersion: 4
  m_Component:
  - 4: {fileID: 4000010201572498}
  - 33: {fileID: 33000010424343492}
  - 23: {fileID: 23000012640688256}
  m_Layer: 0
  m_Name: Stars
  m_TagString: Untagged
  m_Icon: {fileID: 0}
  m_NavMeshLayer: 0
  m_StaticEditorFlags: 0
  m_IsActive: 1
--- !u!1 &1000011964412802
GameObject:
  m_ObjectHideFlags: 0
  m_PrefabParentObject: {fileID: 0}
  m_PrefabInternal: {fileID: 100100000}
  serializedVersion: 4
  m_Component:
  - 4: {fileID: 4000010756935154}
  - 33: {fileID: 33000012931566664}
  - 23: {fileID: 23000013379232134}
  m_Layer: 0
  m_Name: Clouds
  m_TagString: Untagged
  m_Icon: {fileID: 0}
  m_NavMeshLayer: 0
  m_StaticEditorFlags: 0
  m_IsActive: 1
--- !u!1 &1000012355100102
GameObject:
  m_ObjectHideFlags: 1
  m_PrefabParentObject: {fileID: 0}
  m_PrefabInternal: {fileID: 100100000}
  serializedVersion: 4
  m_Component:
  - 4: {fileID: 4000012401840550}
  - 33: {fileID: 33000011745229026}
  - 23: {fileID: 23000010795013282}
  - 114: {fileID: 114000013987530854}
  m_Layer: 0
  m_Name: Cloud Billboard
  m_TagString: Untagged
  m_Icon: {fileID: 0}
  m_NavMeshLayer: 0
  m_StaticEditorFlags: 0
  m_IsActive: 1
--- !u!1 &1000012655804442
GameObject:
  m_ObjectHideFlags: 0
  m_PrefabParentObject: {fileID: 0}
  m_PrefabInternal: {fileID: 100100000}
  serializedVersion: 4
  m_Component:
  - 4: {fileID: 4000010018310160}
  - 33: {fileID: 33000011865111132}
  - 23: {fileID: 23000010120783108}
  m_Layer: 0
  m_Name: Sun
  m_TagString: Untagged
  m_Icon: {fileID: 0}
  m_NavMeshLayer: 0
  m_StaticEditorFlags: 0
  m_IsActive: 1
--- !u!1 &1000012685905636
GameObject:
  m_ObjectHideFlags: 1
  m_PrefabParentObject: {fileID: 0}
  m_PrefabInternal: {fileID: 100100000}
  serializedVersion: 4
  m_Component:
  - 4: {fileID: 4000011325091772}
  - 33: {fileID: 33000013220946122}
  - 23: {fileID: 23000013011126882}
  - 114: {fileID: 114000012148840596}
  m_Layer: 0
  m_Name: Cloud Billboard
  m_TagString: Untagged
  m_Icon: {fileID: 0}
  m_NavMeshLayer: 0
  m_StaticEditorFlags: 0
  m_IsActive: 1
--- !u!1 &1000012757189178
GameObject:
  m_ObjectHideFlags: 1
  m_PrefabParentObject: {fileID: 0}
  m_PrefabInternal: {fileID: 100100000}
  serializedVersion: 4
  m_Component:
  - 4: {fileID: 4000010567017816}
  - 33: {fileID: 33000013428908512}
  - 23: {fileID: 23000013204380200}
  - 114: {fileID: 114000012085947896}
  m_Layer: 0
  m_Name: Cloud Billboard
  m_TagString: Untagged
  m_Icon: {fileID: 0}
  m_NavMeshLayer: 0
  m_StaticEditorFlags: 0
  m_IsActive: 1
--- !u!1 &1000012961486380
GameObject:
  m_ObjectHideFlags: 0
  m_PrefabParentObject: {fileID: 0}
  m_PrefabInternal: {fileID: 100100000}
  serializedVersion: 4
  m_Component:
  - 4: {fileID: 4000011252666830}
  - 108: {fileID: 108000010418827922}
  m_Layer: 0
  m_Name: Light
  m_TagString: Untagged
  m_Icon: {fileID: 0}
  m_NavMeshLayer: 0
  m_StaticEditorFlags: 0
  m_IsActive: 1
--- !u!1 &1000013090427080
GameObject:
  m_ObjectHideFlags: 1
  m_PrefabParentObject: {fileID: 0}
  m_PrefabInternal: {fileID: 100100000}
  serializedVersion: 4
  m_Component:
  - 4: {fileID: 4000013112555208}
  - 33: {fileID: 33000010337602710}
  - 23: {fileID: 23000013552854556}
  - 114: {fileID: 114000012458795836}
  m_Layer: 0
  m_Name: Cloud Billboard
  m_TagString: Untagged
  m_Icon: {fileID: 0}
  m_NavMeshLayer: 0
  m_StaticEditorFlags: 0
  m_IsActive: 1
--- !u!1 &1000013667271952
GameObject:
  m_ObjectHideFlags: 0
  m_PrefabParentObject: {fileID: 0}
  m_PrefabInternal: {fileID: 100100000}
  serializedVersion: 4
  m_Component:
  - 4: {fileID: 4000014280566366}
  m_Layer: 0
  m_Name: Billboards
  m_TagString: Untagged
  m_Icon: {fileID: 0}
  m_NavMeshLayer: 0
  m_StaticEditorFlags: 0
  m_IsActive: 0
--- !u!1 &1000013788963368
GameObject:
  m_ObjectHideFlags: 0
  m_PrefabParentObject: {fileID: 0}
  m_PrefabInternal: {fileID: 100100000}
  serializedVersion: 4
  m_Component:
  - 4: {fileID: 4000014255637352}
  - 33: {fileID: 33000012610582492}
  - 23: {fileID: 23000014036477566}
  m_Layer: 0
  m_Name: Moon
  m_TagString: Untagged
  m_Icon: {fileID: 0}
  m_NavMeshLayer: 0
  m_StaticEditorFlags: 0
  m_IsActive: 1
--- !u!1 &1000014022542926
GameObject:
  m_ObjectHideFlags: 1
  m_PrefabParentObject: {fileID: 0}
  m_PrefabInternal: {fileID: 100100000}
  serializedVersion: 4
  m_Component:
  - 4: {fileID: 4000011216261360}
  - 33: {fileID: 33000011482812430}
  - 23: {fileID: 23000010452216632}
  - 114: {fileID: 114000010142528098}
  m_Layer: 0
  m_Name: Cloud Billboard
  m_TagString: Untagged
  m_Icon: {fileID: 0}
  m_NavMeshLayer: 0
  m_StaticEditorFlags: 0
  m_IsActive: 1
--- !u!1 &1000014215825222
GameObject:
  m_ObjectHideFlags: 1
  m_PrefabParentObject: {fileID: 0}
  m_PrefabInternal: {fileID: 100100000}
  serializedVersion: 4
  m_Component:
  - 4: {fileID: 4000013828763920}
  - 33: {fileID: 33000013699897812}
  - 23: {fileID: 23000012673450038}
  - 114: {fileID: 114000011370258728}
  m_Layer: 0
  m_Name: Cloud Billboard
  m_TagString: Untagged
  m_Icon: {fileID: 0}
  m_NavMeshLayer: 0
  m_StaticEditorFlags: 0
  m_IsActive: 1
--- !u!4 &4000010018310160
Transform:
  m_ObjectHideFlags: 1
  m_PrefabParentObject: {fileID: 0}
  m_PrefabInternal: {fileID: 100100000}
  m_GameObject: {fileID: 1000012655804442}
  m_LocalRotation: {x: -0.19330731, y: -0.51586145, z: -0.78543264, w: 0.2821612}
  m_LocalPosition: {x: -0.012547539, y: -0.91943634, z: -0.3930386}
  m_LocalScale: {x: 0.06981494, y: 0.06981494, z: 0.06981494}
  m_LocalEulerAnglesHint: {x: 0, y: 0, z: 0}
  m_Children: []
  m_Father: {fileID: 4000013325091244}
  m_RootOrder: 3
--- !u!4 &4000010021889014
Transform:
  m_ObjectHideFlags: 1
  m_PrefabParentObject: {fileID: 0}
  m_PrefabInternal: {fileID: 100100000}
  m_GameObject: {fileID: 1000011091020528}
  m_LocalRotation: {x: -0.85967356, y: -0.1042306, z: 0.49814415, w: 0.044157494}
  m_LocalPosition: {x: 0.8656878, y: 0.027921699, z: 0.49980503}
  m_LocalScale: {x: 0.28108168, y: 0.28108168, z: 0.28108168}
  m_LocalEulerAnglesHint: {x: 0, y: 0, z: 0}
  m_Children: []
  m_Father: {fileID: 4000014280566366}
  m_RootOrder: 2
--- !u!4 &4000010201572498
Transform:
  m_ObjectHideFlags: 1
  m_PrefabParentObject: {fileID: 0}
  m_PrefabInternal: {fileID: 100100000}
  m_GameObject: {fileID: 1000011558539222}
  m_LocalRotation: {x: -0.45992038, y: -0.5370971, z: -0.5370971, w: -0.45992038}
  m_LocalPosition: {x: 0, y: 0, z: 0}
  m_LocalScale: {x: 1, y: 1, z: 1}
  m_LocalEulerAnglesHint: {x: 0, y: 0, z: 0}
  m_Children: []
  m_Father: {fileID: 4000013325091244}
  m_RootOrder: 2
--- !u!4 &4000010366855234
Transform:
  m_ObjectHideFlags: 1
  m_PrefabParentObject: {fileID: 0}
  m_PrefabInternal: {fileID: 100100000}
  m_GameObject: {fileID: 1000010787209586}
  m_LocalRotation: {x: -0.9601574, y: -0.067321464, z: -0.2488547, w: -0.10787544}
  m_LocalPosition: {x: -0.49240404, y: 0.17364822, z: 0.85286844}
  m_LocalScale: {x: 0.28108168, y: 0.28108168, z: 0.28108168}
  m_LocalEulerAnglesHint: {x: 0, y: 0, z: 0}
  m_Children: []
  m_Father: {fileID: 4000014280566366}
  m_RootOrder: 11
--- !u!4 &4000010405579164
Transform:
  m_ObjectHideFlags: 1
  m_PrefabParentObject: {fileID: 0}
  m_PrefabInternal: {fileID: 100100000}
  m_GameObject: {fileID: 1000010338729194}
  m_LocalRotation: {x: -0.703759, y: -0.06872589, z: 0.70707095, w: 0.0071277064}
  m_LocalPosition: {x: 0.9961947, y: 0.087155804, z: -0.000000043545054}
  m_LocalScale: {x: 0.28108168, y: 0.28108168, z: 0.28108168}
  m_LocalEulerAnglesHint: {x: 0, y: 0, z: 0}
  m_Children: []
  m_Father: {fileID: 4000014280566366}
  m_RootOrder: 3
--- !u!4 &4000010567017816
Transform:
  m_ObjectHideFlags: 1
  m_PrefabParentObject: {fileID: 0}
  m_PrefabInternal: {fileID: 100100000}
  m_GameObject: {fileID: 1000012757189178}
  m_LocalRotation: {x: 0.4918662, y: -0.09496832, z: 0.8619693, w: -0.07782977}
  m_LocalPosition: {x: -0.86272997, y: 0.087155804, z: -0.49809727}
  m_LocalScale: {x: 0.28108168, y: 0.28108168, z: 0.28108168}
  m_LocalEulerAnglesHint: {x: 0, y: 0, z: 0}
  m_Children: []
  m_Father: {fileID: 4000014280566366}
  m_RootOrder: 8
--- !u!4 &4000010756935154
Transform:
  m_ObjectHideFlags: 1
  m_PrefabParentObject: {fileID: 0}
  m_PrefabInternal: {fileID: 100100000}
  m_GameObject: {fileID: 1000011964412802}
  m_LocalRotation: {x: 0, y: 0, z: 0, w: 1}
  m_LocalPosition: {x: 0, y: 0, z: 0}
  m_LocalScale: {x: 1, y: 1, z: 1}
  m_LocalEulerAnglesHint: {x: 0, y: 0, z: 0}
  m_Children: []
  m_Father: {fileID: 4000013325091244}
  m_RootOrder: 7
--- !u!4 &4000011216261360
Transform:
  m_ObjectHideFlags: 1
  m_PrefabParentObject: {fileID: 0}
  m_PrefabInternal: {fileID: 100100000}
  m_GameObject: {fileID: 1000014022542926}
  m_LocalRotation: {x: 0.86345977, y: -0.025278611, z: 0.4963854, w: 0.086021625}
  m_LocalPosition: {x: -0.85286856, y: 0.17364822, z: 0.49240378}
  m_LocalScale: {x: 0.28108168, y: 0.28108168, z: 0.28108168}
  m_LocalEulerAnglesHint: {x: 0, y: 0, z: 0}
  m_Children: []
  m_Father: {fileID: 4000014280566366}
  m_RootOrder: 10
--- !u!4 &4000011252666830
Transform:
  m_ObjectHideFlags: 1
  m_PrefabParentObject: {fileID: 0}
  m_PrefabInternal: {fileID: 100100000}
  m_GameObject: {fileID: 1000012961486380}
  m_LocalRotation: {x: 0.020280434, y: -0.6766474, z: -0.022050245, w: 0.73569745}
  m_LocalPosition: {x: 0.99650997, y: -0.00000004371139, z: -0.083473876}
  m_LocalScale: {x: 1, y: 1, z: 1}
  m_LocalEulerAnglesHint: {x: 0, y: 0, z: 0}
  m_Children: []
  m_Father: {fileID: 4000013325091244}
  m_RootOrder: 8
--- !u!4 &4000011325091772
Transform:
  m_ObjectHideFlags: 1
  m_PrefabParentObject: {fileID: 0}
  m_PrefabInternal: {fileID: 100100000}
  m_GameObject: {fileID: 1000012685905636}
  m_LocalRotation: {x: -0.952777, y: -0.14981765, z: 0.26352972, w: -0.017968757}
  m_LocalPosition: {x: 0.49678594, y: 0.11320324, z: 0.8604585}
  m_LocalScale: {x: 0.28108168, y: 0.28108168, z: 0.28108168}
  m_LocalEulerAnglesHint: {x: 0, y: 0, z: 0}
  m_Children: []
  m_Father: {fileID: 4000014280566366}
  m_RootOrder: 1
--- !u!4 &4000012350313548
Transform:
  m_ObjectHideFlags: 1
  m_PrefabParentObject: {fileID: 0}
  m_PrefabInternal: {fileID: 100100000}
  m_GameObject: {fileID: 1000010593757558}
  m_LocalRotation: {x: 0, y: 0, z: 0, w: 1}
  m_LocalPosition: {x: 0, y: 0, z: 0}
  m_LocalScale: {x: 1, y: 1, z: 1}
  m_LocalEulerAnglesHint: {x: 0, y: 0, z: 0}
  m_Children: []
  m_Father: {fileID: 4000013325091244}
  m_RootOrder: 5
--- !u!4 &4000012401840550
Transform:
  m_ObjectHideFlags: 1
  m_PrefabParentObject: {fileID: 0}
  m_PrefabInternal: {fileID: 100100000}
  m_GameObject: {fileID: 1000012355100102}
  m_LocalRotation: {x: 0.7035797, y: -0.070538245, z: 0.7070502, w: -0.008948706}
  m_LocalPosition: {x: -0.99619466, y: 0.08715579, z: 0.000000012046412}
  m_LocalScale: {x: 0.28108168, y: 0.28108168, z: 0.28108168}
  m_LocalEulerAnglesHint: {x: 0, y: 0, z: 0}
  m_Children: []
  m_Father: {fileID: 4000014280566366}
  m_RootOrder: 9
--- !u!4 &4000012827340278
Transform:
  m_ObjectHideFlags: 1
  m_PrefabParentObject: {fileID: 0}
  m_PrefabInternal: {fileID: 100100000}
  m_GameObject: {fileID: 1000010811587284}
  m_LocalRotation: {x: -0.26217487, y: -0.032172505, z: 0.9594767, w: -0.09815134}
  m_LocalPosition: {x: 0.496786, y: 0.11320324, z: -0.8604585}
  m_LocalScale: {x: 0.28108168, y: 0.28108168, z: 0.28108168}
  m_LocalEulerAnglesHint: {x: 0, y: 0, z: 0}
  m_Children: []
  m_Father: {fileID: 4000014280566366}
  m_RootOrder: 5
--- !u!4 &4000012851537872
Transform:
  m_ObjectHideFlags: 1
  m_PrefabParentObject: {fileID: 0}
  m_PrefabInternal: {fileID: 100100000}
  m_GameObject: {fileID: 1000010111628000}
  m_LocalRotation: {x: -0.0056991125, y: -0.043245487, z: 0.99048394, w: -0.13053304}
  m_LocalPosition: {x: -0.00000008709011, y: 0.08715579, z: -0.99619466}
  m_LocalScale: {x: 0.28108168, y: 0.28108168, z: 0.28108168}
  m_LocalEulerAnglesHint: {x: 0, y: 0, z: 0}
  m_Children: []
  m_Father: {fileID: 4000014280566366}
  m_RootOrder: 6
--- !u!4 &4000013112555208
Transform:
  m_ObjectHideFlags: 1
  m_PrefabParentObject: {fileID: 0}
  m_PrefabInternal: {fileID: 100100000}
  m_GameObject: {fileID: 1000013090427080}
  m_LocalRotation: {x: 0.25004902, y: -0.07816987, z: 0.956958, w: -0.12488504}
  m_LocalPosition: {x: -0.49809733, y: 0.087155804, z: -0.8627299}
  m_LocalScale: {x: 0.28108168, y: 0.28108168, z: 0.28108168}
  m_LocalEulerAnglesHint: {x: 0, y: 0, z: 0}
  m_Children: []
  m_Father: {fileID: 4000014280566366}
  m_RootOrder: 7
--- !u!4 &4000013130100394
Transform:
  m_ObjectHideFlags: 1
  m_PrefabParentObject: {fileID: 0}
  m_PrefabInternal: {fileID: 100100000}
  m_GameObject: {fileID: 1000010428685610}
  m_LocalRotation: {x: -0.45992038, y: -0.5370971, z: -0.5370971, w: -0.45992038}
  m_LocalPosition: {x: 0, y: 0, z: 0}
  m_LocalScale: {x: 1, y: 1, z: 1}
  m_LocalEulerAnglesHint: {x: 0, y: 0, z: 0}
  m_Children: []
  m_Father: {fileID: 4000013325091244}
  m_RootOrder: 1
--- !u!4 &4000013325091244
Transform:
  m_ObjectHideFlags: 1
  m_PrefabParentObject: {fileID: 0}
  m_PrefabInternal: {fileID: 100100000}
  m_GameObject: {fileID: 1000010302388996}
  m_LocalRotation: {x: -0.9899654, y: 0.141168, z: 0.0033916982, w: 0.0053613214}
  m_LocalPosition: {x: 0, y: 0, z: 0}
  m_LocalScale: {x: 950, y: 950, z: 950}
  m_LocalEulerAnglesHint: {x: -0.65500003, y: -179.71101, z: 195.91899}
  m_Children:
  - {fileID: 4000014280566366}
  - {fileID: 4000013130100394}
  - {fileID: 4000010201572498}
  - {fileID: 4000010018310160}
  - {fileID: 4000014255637352}
  - {fileID: 4000012350313548}
  - {fileID: 4000013951072448}
  - {fileID: 4000010756935154}
  - {fileID: 4000011252666830}
  m_Father: {fileID: 0}
  m_RootOrder: 0
--- !u!4 &4000013828763920
Transform:
  m_ObjectHideFlags: 1
  m_PrefabParentObject: {fileID: 0}
  m_PrefabInternal: {fileID: 100100000}
  m_GameObject: {fileID: 1000014215825222}
  m_LocalRotation: {x: -0.9901642, y: -0.13293721, z: 0.005804211, w: -0.043231532}
  m_LocalPosition: {x: 0, y: 0.087155804, z: 0.9961947}
  m_LocalScale: {x: 0.28108168, y: 0.28108168, z: 0.28108168}
  m_LocalEulerAnglesHint: {x: 0, y: 0, z: 0}
  m_Children: []
  m_Father: {fileID: 4000014280566366}
  m_RootOrder: 0
--- !u!4 &4000013936319632
Transform:
  m_ObjectHideFlags: 1
  m_PrefabParentObject: {fileID: 0}
  m_PrefabInternal: {fileID: 100100000}
  m_GameObject: {fileID: 1000010131316028}
  m_LocalRotation: {x: -0.5001691, y: -0.011375472, z: 0.8653621, w: -0.029152064}
  m_LocalPosition: {x: 0.8649915, y: 0.048849758, z: -0.49940312}
  m_LocalScale: {x: 0.28108168, y: 0.28108168, z: 0.28108168}
  m_LocalEulerAnglesHint: {x: 0, y: 0, z: 0}
  m_Children: []
  m_Father: {fileID: 4000014280566366}
  m_RootOrder: 4
--- !u!4 &4000013951072448
Transform:
  m_ObjectHideFlags: 1
  m_PrefabParentObject: {fileID: 0}
  m_PrefabInternal: {fileID: 100100000}
  m_GameObject: {fileID: 1000010908629224}
  m_LocalRotation: {x: 0, y: 0, z: 0, w: 1}
  m_LocalPosition: {x: 0, y: -0, z: 0}
  m_LocalScale: {x: 1, y: 1, z: 1}
  m_LocalEulerAnglesHint: {x: 0, y: 0, z: 0}
  m_Children: []
  m_Father: {fileID: 4000013325091244}
  m_RootOrder: 6
--- !u!4 &4000014255637352
Transform:
  m_ObjectHideFlags: 1
  m_PrefabParentObject: {fileID: 0}
  m_PrefabInternal: {fileID: 100100000}
  m_GameObject: {fileID: 1000013788963368}
  m_LocalRotation: {x: -0.67275333, y: 0.084418066, z: 0.7277027, w: 0.10356362}
  m_LocalPosition: {x: 0.96164346, y: -0.26220807, z: -0.08055324}
  m_LocalScale: {x: 0.03490747, y: 0.03490747, z: 0.03490747}
  m_LocalEulerAnglesHint: {x: 0, y: 0, z: 0}
  m_Children: []
  m_Father: {fileID: 4000013325091244}
  m_RootOrder: 4
--- !u!4 &4000014280566366
Transform:
  m_ObjectHideFlags: 1
  m_PrefabParentObject: {fileID: 0}
  m_PrefabInternal: {fileID: 100100000}
  m_GameObject: {fileID: 1000013667271952}
  m_LocalRotation: {x: 0, y: 0.9851014, z: 0, w: 0.17197457}
  m_LocalPosition: {x: 0, y: 0, z: 0}
  m_LocalScale: {x: 1, y: 1, z: 1}
  m_LocalEulerAnglesHint: {x: 0, y: 0, z: 0}
  m_Children:
  - {fileID: 4000013828763920}
  - {fileID: 4000011325091772}
  - {fileID: 4000010021889014}
  - {fileID: 4000010405579164}
  - {fileID: 4000013936319632}
  - {fileID: 4000012827340278}
  - {fileID: 4000012851537872}
  - {fileID: 4000013112555208}
  - {fileID: 4000010567017816}
  - {fileID: 4000012401840550}
  - {fileID: 4000011216261360}
  - {fileID: 4000010366855234}
  m_Father: {fileID: 4000013325091244}
  m_RootOrder: 0
--- !u!23 &23000010120783108
MeshRenderer:
  m_ObjectHideFlags: 1
  m_PrefabParentObject: {fileID: 0}
  m_PrefabInternal: {fileID: 100100000}
  m_GameObject: {fileID: 1000012655804442}
  m_Enabled: 0
  m_CastShadows: 0
  m_ReceiveShadows: 0
  m_MotionVectors: 1
  m_LightProbeUsage: 0
  m_ReflectionProbeUsage: 1
  m_Materials:
  - {fileID: 2100000, guid: a58b7582af81445b2b65582c333c81cf, type: 2}
  m_SubsetIndices: 
  m_StaticBatchRoot: {fileID: 0}
  m_ProbeAnchor: {fileID: 0}
  m_LightProbeVolumeOverride: {fileID: 0}
  m_ScaleInLightmap: 1
  m_PreserveUVs: 0
  m_IgnoreNormalsForChartDetection: 0
  m_ImportantGI: 0
  m_SelectedWireframeHidden: 0
  m_MinimumChartSize: 4
  m_AutoUVMaxDistance: 0.5
  m_AutoUVMaxAngle: 89
  m_LightmapParameters: {fileID: 0}
  m_SortingLayerID: 0
  m_SortingOrder: 0
--- !u!23 &23000010452216632
MeshRenderer:
  m_ObjectHideFlags: 1
  m_PrefabParentObject: {fileID: 0}
  m_PrefabInternal: {fileID: 100100000}
  m_GameObject: {fileID: 1000014022542926}
  m_Enabled: 1
  m_CastShadows: 1
  m_ReceiveShadows: 1
  m_MotionVectors: 1
  m_LightProbeUsage: 0
  m_ReflectionProbeUsage: 1
  m_Materials:
  - {fileID: 2100000, guid: 5723d98d7ac2b4a82ac15dcfa9aa3df9, type: 2}
  m_SubsetIndices: 
  m_StaticBatchRoot: {fileID: 0}
  m_ProbeAnchor: {fileID: 0}
  m_LightProbeVolumeOverride: {fileID: 0}
  m_ScaleInLightmap: 1
  m_PreserveUVs: 0
  m_IgnoreNormalsForChartDetection: 0
  m_ImportantGI: 0
  m_SelectedWireframeHidden: 0
  m_MinimumChartSize: 4
  m_AutoUVMaxDistance: 0.5
  m_AutoUVMaxAngle: 89
  m_LightmapParameters: {fileID: 0}
  m_SortingLayerID: 0
  m_SortingOrder: 0
--- !u!23 &23000010528257406
MeshRenderer:
  m_ObjectHideFlags: 1
  m_PrefabParentObject: {fileID: 0}
  m_PrefabInternal: {fileID: 100100000}
  m_GameObject: {fileID: 1000010593757558}
  m_Enabled: 1
  m_CastShadows: 0
  m_ReceiveShadows: 0
  m_MotionVectors: 1
  m_LightProbeUsage: 0
  m_ReflectionProbeUsage: 1
  m_Materials:
  - {fileID: 2100000, guid: ae3989796c2a72248a02612611f06beb, type: 2}
  m_SubsetIndices: 
  m_StaticBatchRoot: {fileID: 0}
  m_ProbeAnchor: {fileID: 0}
  m_LightProbeVolumeOverride: {fileID: 0}
  m_ScaleInLightmap: 1
  m_PreserveUVs: 0
  m_IgnoreNormalsForChartDetection: 0
  m_ImportantGI: 0
  m_SelectedWireframeHidden: 0
  m_MinimumChartSize: 4
  m_AutoUVMaxDistance: 0.5
  m_AutoUVMaxAngle: 89
  m_LightmapParameters: {fileID: 0}
  m_SortingLayerID: 0
  m_SortingOrder: 0
--- !u!23 &23000010554148108
MeshRenderer:
  m_ObjectHideFlags: 1
  m_PrefabParentObject: {fileID: 0}
  m_PrefabInternal: {fileID: 100100000}
  m_GameObject: {fileID: 1000010811587284}
  m_Enabled: 1
  m_CastShadows: 1
  m_ReceiveShadows: 1
  m_MotionVectors: 1
  m_LightProbeUsage: 0
  m_ReflectionProbeUsage: 1
  m_Materials:
  - {fileID: 2100000, guid: 5723d98d7ac2b4a82ac15dcfa9aa3df9, type: 2}
  m_SubsetIndices: 
  m_StaticBatchRoot: {fileID: 0}
  m_ProbeAnchor: {fileID: 0}
  m_LightProbeVolumeOverride: {fileID: 0}
  m_ScaleInLightmap: 1
  m_PreserveUVs: 0
  m_IgnoreNormalsForChartDetection: 0
  m_ImportantGI: 0
  m_SelectedWireframeHidden: 0
  m_MinimumChartSize: 4
  m_AutoUVMaxDistance: 0.5
  m_AutoUVMaxAngle: 89
  m_LightmapParameters: {fileID: 0}
  m_SortingLayerID: 0
  m_SortingOrder: 0
--- !u!23 &23000010795013282
MeshRenderer:
  m_ObjectHideFlags: 1
  m_PrefabParentObject: {fileID: 0}
  m_PrefabInternal: {fileID: 100100000}
  m_GameObject: {fileID: 1000012355100102}
  m_Enabled: 1
  m_CastShadows: 1
  m_ReceiveShadows: 1
  m_MotionVectors: 1
  m_LightProbeUsage: 0
  m_ReflectionProbeUsage: 1
  m_Materials:
  - {fileID: 2100000, guid: 5723d98d7ac2b4a82ac15dcfa9aa3df9, type: 2}
  m_SubsetIndices: 
  m_StaticBatchRoot: {fileID: 0}
  m_ProbeAnchor: {fileID: 0}
  m_LightProbeVolumeOverride: {fileID: 0}
  m_ScaleInLightmap: 1
  m_PreserveUVs: 0
  m_IgnoreNormalsForChartDetection: 0
  m_ImportantGI: 0
  m_SelectedWireframeHidden: 0
  m_MinimumChartSize: 4
  m_AutoUVMaxDistance: 0.5
  m_AutoUVMaxAngle: 89
  m_LightmapParameters: {fileID: 0}
  m_SortingLayerID: 0
  m_SortingOrder: 0
--- !u!23 &23000011136716878
MeshRenderer:
  m_ObjectHideFlags: 1
  m_PrefabParentObject: {fileID: 0}
  m_PrefabInternal: {fileID: 100100000}
  m_GameObject: {fileID: 1000010787209586}
  m_Enabled: 1
  m_CastShadows: 1
  m_ReceiveShadows: 1
  m_MotionVectors: 1
  m_LightProbeUsage: 0
  m_ReflectionProbeUsage: 1
  m_Materials:
  - {fileID: 2100000, guid: 5723d98d7ac2b4a82ac15dcfa9aa3df9, type: 2}
  m_SubsetIndices: 
  m_StaticBatchRoot: {fileID: 0}
  m_ProbeAnchor: {fileID: 0}
  m_LightProbeVolumeOverride: {fileID: 0}
  m_ScaleInLightmap: 1
  m_PreserveUVs: 0
  m_IgnoreNormalsForChartDetection: 0
  m_ImportantGI: 0
  m_SelectedWireframeHidden: 0
  m_MinimumChartSize: 4
  m_AutoUVMaxDistance: 0.5
  m_AutoUVMaxAngle: 89
  m_LightmapParameters: {fileID: 0}
  m_SortingLayerID: 0
  m_SortingOrder: 0
--- !u!23 &23000011147110168
MeshRenderer:
  m_ObjectHideFlags: 1
  m_PrefabParentObject: {fileID: 0}
  m_PrefabInternal: {fileID: 100100000}
  m_GameObject: {fileID: 1000010131316028}
  m_Enabled: 1
  m_CastShadows: 1
  m_ReceiveShadows: 1
  m_MotionVectors: 1
  m_LightProbeUsage: 0
  m_ReflectionProbeUsage: 1
  m_Materials:
  - {fileID: 2100000, guid: 5723d98d7ac2b4a82ac15dcfa9aa3df9, type: 2}
  m_SubsetIndices: 
  m_StaticBatchRoot: {fileID: 0}
  m_ProbeAnchor: {fileID: 0}
  m_LightProbeVolumeOverride: {fileID: 0}
  m_ScaleInLightmap: 1
  m_PreserveUVs: 0
  m_IgnoreNormalsForChartDetection: 0
  m_ImportantGI: 0
  m_SelectedWireframeHidden: 0
  m_MinimumChartSize: 4
  m_AutoUVMaxDistance: 0.5
  m_AutoUVMaxAngle: 89
  m_LightmapParameters: {fileID: 0}
  m_SortingLayerID: 0
  m_SortingOrder: 0
--- !u!23 &23000011580805070
MeshRenderer:
  m_ObjectHideFlags: 1
  m_PrefabParentObject: {fileID: 0}
  m_PrefabInternal: {fileID: 100100000}
  m_GameObject: {fileID: 1000010428685610}
  m_Enabled: 1
  m_CastShadows: 0
  m_ReceiveShadows: 0
  m_MotionVectors: 1
  m_LightProbeUsage: 0
  m_ReflectionProbeUsage: 1
  m_Materials:
  - {fileID: 2100000, guid: 783a84bd037e94563b5800fee6d80236, type: 2}
  m_SubsetIndices: 
  m_StaticBatchRoot: {fileID: 0}
  m_ProbeAnchor: {fileID: 0}
  m_LightProbeVolumeOverride: {fileID: 0}
  m_ScaleInLightmap: 1
  m_PreserveUVs: 0
  m_IgnoreNormalsForChartDetection: 0
  m_ImportantGI: 0
  m_SelectedWireframeHidden: 0
  m_MinimumChartSize: 4
  m_AutoUVMaxDistance: 0.5
  m_AutoUVMaxAngle: 89
  m_LightmapParameters: {fileID: 0}
  m_SortingLayerID: 0
  m_SortingOrder: 0
--- !u!23 &23000012026536002
MeshRenderer:
  m_ObjectHideFlags: 1
  m_PrefabParentObject: {fileID: 0}
  m_PrefabInternal: {fileID: 100100000}
  m_GameObject: {fileID: 1000010338729194}
  m_Enabled: 1
  m_CastShadows: 1
  m_ReceiveShadows: 1
  m_MotionVectors: 1
  m_LightProbeUsage: 0
  m_ReflectionProbeUsage: 1
  m_Materials:
  - {fileID: 2100000, guid: 5723d98d7ac2b4a82ac15dcfa9aa3df9, type: 2}
  m_SubsetIndices: 
  m_StaticBatchRoot: {fileID: 0}
  m_ProbeAnchor: {fileID: 0}
  m_LightProbeVolumeOverride: {fileID: 0}
  m_ScaleInLightmap: 1
  m_PreserveUVs: 0
  m_IgnoreNormalsForChartDetection: 0
  m_ImportantGI: 0
  m_SelectedWireframeHidden: 0
  m_MinimumChartSize: 4
  m_AutoUVMaxDistance: 0.5
  m_AutoUVMaxAngle: 89
  m_LightmapParameters: {fileID: 0}
  m_SortingLayerID: 0
  m_SortingOrder: 0
--- !u!23 &23000012640688256
MeshRenderer:
  m_ObjectHideFlags: 1
  m_PrefabParentObject: {fileID: 0}
  m_PrefabInternal: {fileID: 100100000}
  m_GameObject: {fileID: 1000011558539222}
  m_Enabled: 1
  m_CastShadows: 0
  m_ReceiveShadows: 0
  m_MotionVectors: 1
  m_LightProbeUsage: 0
  m_ReflectionProbeUsage: 1
  m_Materials:
  - {fileID: 2100000, guid: 5861cb9c76a3f49588eee221255bd7d9, type: 2}
  m_SubsetIndices: 
  m_StaticBatchRoot: {fileID: 0}
  m_ProbeAnchor: {fileID: 0}
  m_LightProbeVolumeOverride: {fileID: 0}
  m_ScaleInLightmap: 1
  m_PreserveUVs: 0
  m_IgnoreNormalsForChartDetection: 0
  m_ImportantGI: 0
  m_SelectedWireframeHidden: 0
  m_MinimumChartSize: 4
  m_AutoUVMaxDistance: 0.5
  m_AutoUVMaxAngle: 89
  m_LightmapParameters: {fileID: 0}
  m_SortingLayerID: 0
  m_SortingOrder: 0
--- !u!23 &23000012673450038
MeshRenderer:
  m_ObjectHideFlags: 1
  m_PrefabParentObject: {fileID: 0}
  m_PrefabInternal: {fileID: 100100000}
  m_GameObject: {fileID: 1000014215825222}
  m_Enabled: 1
  m_CastShadows: 1
  m_ReceiveShadows: 1
  m_MotionVectors: 1
  m_LightProbeUsage: 0
  m_ReflectionProbeUsage: 1
  m_Materials:
  - {fileID: 2100000, guid: 5723d98d7ac2b4a82ac15dcfa9aa3df9, type: 2}
  m_SubsetIndices: 
  m_StaticBatchRoot: {fileID: 0}
  m_ProbeAnchor: {fileID: 0}
  m_LightProbeVolumeOverride: {fileID: 0}
  m_ScaleInLightmap: 1
  m_PreserveUVs: 0
  m_IgnoreNormalsForChartDetection: 0
  m_ImportantGI: 0
  m_SelectedWireframeHidden: 0
  m_MinimumChartSize: 4
  m_AutoUVMaxDistance: 0.5
  m_AutoUVMaxAngle: 89
  m_LightmapParameters: {fileID: 0}
  m_SortingLayerID: 0
  m_SortingOrder: 0
--- !u!23 &23000013011126882
MeshRenderer:
  m_ObjectHideFlags: 1
  m_PrefabParentObject: {fileID: 0}
  m_PrefabInternal: {fileID: 100100000}
  m_GameObject: {fileID: 1000012685905636}
  m_Enabled: 1
  m_CastShadows: 1
  m_ReceiveShadows: 1
  m_MotionVectors: 1
  m_LightProbeUsage: 0
  m_ReflectionProbeUsage: 1
  m_Materials:
  - {fileID: 2100000, guid: 5723d98d7ac2b4a82ac15dcfa9aa3df9, type: 2}
  m_SubsetIndices: 
  m_StaticBatchRoot: {fileID: 0}
  m_ProbeAnchor: {fileID: 0}
  m_LightProbeVolumeOverride: {fileID: 0}
  m_ScaleInLightmap: 1
  m_PreserveUVs: 0
  m_IgnoreNormalsForChartDetection: 0
  m_ImportantGI: 0
  m_SelectedWireframeHidden: 0
  m_MinimumChartSize: 4
  m_AutoUVMaxDistance: 0.5
  m_AutoUVMaxAngle: 89
  m_LightmapParameters: {fileID: 0}
  m_SortingLayerID: 0
  m_SortingOrder: 0
--- !u!23 &23000013204380200
MeshRenderer:
  m_ObjectHideFlags: 1
  m_PrefabParentObject: {fileID: 0}
  m_PrefabInternal: {fileID: 100100000}
  m_GameObject: {fileID: 1000012757189178}
  m_Enabled: 1
  m_CastShadows: 1
  m_ReceiveShadows: 1
  m_MotionVectors: 1
  m_LightProbeUsage: 0
  m_ReflectionProbeUsage: 1
  m_Materials:
  - {fileID: 2100000, guid: 5723d98d7ac2b4a82ac15dcfa9aa3df9, type: 2}
  m_SubsetIndices: 
  m_StaticBatchRoot: {fileID: 0}
  m_ProbeAnchor: {fileID: 0}
  m_LightProbeVolumeOverride: {fileID: 0}
  m_ScaleInLightmap: 1
  m_PreserveUVs: 0
  m_IgnoreNormalsForChartDetection: 0
  m_ImportantGI: 0
  m_SelectedWireframeHidden: 0
  m_MinimumChartSize: 4
  m_AutoUVMaxDistance: 0.5
  m_AutoUVMaxAngle: 89
  m_LightmapParameters: {fileID: 0}
  m_SortingLayerID: 0
  m_SortingOrder: 0
--- !u!23 &23000013379232134
MeshRenderer:
  m_ObjectHideFlags: 1
  m_PrefabParentObject: {fileID: 0}
  m_PrefabInternal: {fileID: 100100000}
  m_GameObject: {fileID: 1000011964412802}
  m_Enabled: 1
  m_CastShadows: 0
  m_ReceiveShadows: 0
  m_MotionVectors: 1
  m_LightProbeUsage: 0
  m_ReflectionProbeUsage: 1
  m_Materials:
  - {fileID: 2100000, guid: 2d294b9b8546c49a1aea2f94bcffa143, type: 2}
  m_SubsetIndices: 
  m_StaticBatchRoot: {fileID: 0}
  m_ProbeAnchor: {fileID: 0}
  m_LightProbeVolumeOverride: {fileID: 0}
  m_ScaleInLightmap: 1
  m_PreserveUVs: 0
  m_IgnoreNormalsForChartDetection: 0
  m_ImportantGI: 0
  m_SelectedWireframeHidden: 0
  m_MinimumChartSize: 4
  m_AutoUVMaxDistance: 0.5
  m_AutoUVMaxAngle: 89
  m_LightmapParameters: {fileID: 0}
  m_SortingLayerID: 0
  m_SortingOrder: 0
--- !u!23 &23000013398463946
MeshRenderer:
  m_ObjectHideFlags: 1
  m_PrefabParentObject: {fileID: 0}
  m_PrefabInternal: {fileID: 100100000}
  m_GameObject: {fileID: 1000010908629224}
  m_Enabled: 0
  m_CastShadows: 0
  m_ReceiveShadows: 0
  m_MotionVectors: 1
  m_LightProbeUsage: 0
  m_ReflectionProbeUsage: 1
  m_Materials:
  - {fileID: 2100000, guid: 194e508dbfde646739274474af39dc11, type: 2}
  m_SubsetIndices: 
  m_StaticBatchRoot: {fileID: 0}
  m_ProbeAnchor: {fileID: 0}
  m_LightProbeVolumeOverride: {fileID: 0}
  m_ScaleInLightmap: 1
  m_PreserveUVs: 0
  m_IgnoreNormalsForChartDetection: 0
  m_ImportantGI: 0
  m_SelectedWireframeHidden: 0
  m_MinimumChartSize: 4
  m_AutoUVMaxDistance: 0.5
  m_AutoUVMaxAngle: 89
  m_LightmapParameters: {fileID: 0}
  m_SortingLayerID: 0
  m_SortingOrder: 0
--- !u!23 &23000013552854556
MeshRenderer:
  m_ObjectHideFlags: 1
  m_PrefabParentObject: {fileID: 0}
  m_PrefabInternal: {fileID: 100100000}
  m_GameObject: {fileID: 1000013090427080}
  m_Enabled: 1
  m_CastShadows: 1
  m_ReceiveShadows: 1
  m_MotionVectors: 1
  m_LightProbeUsage: 0
  m_ReflectionProbeUsage: 1
  m_Materials:
  - {fileID: 2100000, guid: 5723d98d7ac2b4a82ac15dcfa9aa3df9, type: 2}
  m_SubsetIndices: 
  m_StaticBatchRoot: {fileID: 0}
  m_ProbeAnchor: {fileID: 0}
  m_LightProbeVolumeOverride: {fileID: 0}
  m_ScaleInLightmap: 1
  m_PreserveUVs: 0
  m_IgnoreNormalsForChartDetection: 0
  m_ImportantGI: 0
  m_SelectedWireframeHidden: 0
  m_MinimumChartSize: 4
  m_AutoUVMaxDistance: 0.5
  m_AutoUVMaxAngle: 89
  m_LightmapParameters: {fileID: 0}
  m_SortingLayerID: 0
  m_SortingOrder: 0
--- !u!23 &23000013577353122
MeshRenderer:
  m_ObjectHideFlags: 1
  m_PrefabParentObject: {fileID: 0}
  m_PrefabInternal: {fileID: 100100000}
  m_GameObject: {fileID: 1000010111628000}
  m_Enabled: 1
  m_CastShadows: 1
  m_ReceiveShadows: 1
  m_MotionVectors: 1
  m_LightProbeUsage: 0
  m_ReflectionProbeUsage: 1
  m_Materials:
  - {fileID: 2100000, guid: 5723d98d7ac2b4a82ac15dcfa9aa3df9, type: 2}
  m_SubsetIndices: 
  m_StaticBatchRoot: {fileID: 0}
  m_ProbeAnchor: {fileID: 0}
  m_LightProbeVolumeOverride: {fileID: 0}
  m_ScaleInLightmap: 1
  m_PreserveUVs: 0
  m_IgnoreNormalsForChartDetection: 0
  m_ImportantGI: 0
  m_SelectedWireframeHidden: 0
  m_MinimumChartSize: 4
  m_AutoUVMaxDistance: 0.5
  m_AutoUVMaxAngle: 89
  m_LightmapParameters: {fileID: 0}
  m_SortingLayerID: 0
  m_SortingOrder: 0
--- !u!23 &23000014036477566
MeshRenderer:
  m_ObjectHideFlags: 1
  m_PrefabParentObject: {fileID: 0}
  m_PrefabInternal: {fileID: 100100000}
  m_GameObject: {fileID: 1000013788963368}
  m_Enabled: 0
  m_CastShadows: 0
  m_ReceiveShadows: 0
  m_MotionVectors: 1
  m_LightProbeUsage: 0
  m_ReflectionProbeUsage: 1
  m_Materials:
  - {fileID: 2100000, guid: 9bd49f273bcad4f65b15d63204880849, type: 2}
  m_SubsetIndices: 
  m_StaticBatchRoot: {fileID: 0}
  m_ProbeAnchor: {fileID: 0}
  m_LightProbeVolumeOverride: {fileID: 0}
  m_ScaleInLightmap: 1
  m_PreserveUVs: 0
  m_IgnoreNormalsForChartDetection: 0
  m_ImportantGI: 0
  m_SelectedWireframeHidden: 0
  m_MinimumChartSize: 4
  m_AutoUVMaxDistance: 0.5
  m_AutoUVMaxAngle: 89
  m_LightmapParameters: {fileID: 0}
  m_SortingLayerID: 0
  m_SortingOrder: 0
--- !u!23 &23000014214650148
MeshRenderer:
  m_ObjectHideFlags: 1
  m_PrefabParentObject: {fileID: 0}
  m_PrefabInternal: {fileID: 100100000}
  m_GameObject: {fileID: 1000011091020528}
  m_Enabled: 1
  m_CastShadows: 1
  m_ReceiveShadows: 1
  m_MotionVectors: 1
  m_LightProbeUsage: 0
  m_ReflectionProbeUsage: 1
  m_Materials:
  - {fileID: 2100000, guid: 5723d98d7ac2b4a82ac15dcfa9aa3df9, type: 2}
  m_SubsetIndices: 
  m_StaticBatchRoot: {fileID: 0}
  m_ProbeAnchor: {fileID: 0}
  m_LightProbeVolumeOverride: {fileID: 0}
  m_ScaleInLightmap: 1
  m_PreserveUVs: 0
  m_IgnoreNormalsForChartDetection: 0
  m_ImportantGI: 0
  m_SelectedWireframeHidden: 0
  m_MinimumChartSize: 4
  m_AutoUVMaxDistance: 0.5
  m_AutoUVMaxAngle: 89
  m_LightmapParameters: {fileID: 0}
  m_SortingLayerID: 0
  m_SortingOrder: 0
--- !u!33 &33000010337602710
MeshFilter:
  m_ObjectHideFlags: 1
  m_PrefabParentObject: {fileID: 0}
  m_PrefabInternal: {fileID: 100100000}
  m_GameObject: {fileID: 1000013090427080}
  m_Mesh: {fileID: 4300006, guid: 979fdf4853caa4118a5e9ba64f68cf5d, type: 3}
--- !u!33 &33000010396828736
MeshFilter:
  m_ObjectHideFlags: 1
  m_PrefabParentObject: {fileID: 0}
  m_PrefabInternal: {fileID: 100100000}
  m_GameObject: {fileID: 1000010111628000}
  m_Mesh: {fileID: 4300004, guid: 979fdf4853caa4118a5e9ba64f68cf5d, type: 3}
--- !u!33 &33000010424343492
MeshFilter:
  m_ObjectHideFlags: 1
  m_PrefabParentObject: {fileID: 0}
  m_PrefabInternal: {fileID: 100100000}
  m_GameObject: {fileID: 1000011558539222}
  m_Mesh: {fileID: 4300000, guid: 2e84c5609875044c9adb1a30a8749e3c, type: 2}
--- !u!33 &33000010966810234
MeshFilter:
  m_ObjectHideFlags: 1
  m_PrefabParentObject: {fileID: 0}
  m_PrefabInternal: {fileID: 100100000}
  m_GameObject: {fileID: 1000011091020528}
  m_Mesh: {fileID: 4300004, guid: 979fdf4853caa4118a5e9ba64f68cf5d, type: 3}
--- !u!33 &33000011482812430
MeshFilter:
  m_ObjectHideFlags: 1
  m_PrefabParentObject: {fileID: 0}
  m_PrefabInternal: {fileID: 100100000}
  m_GameObject: {fileID: 1000014022542926}
  m_Mesh: {fileID: 4300004, guid: 979fdf4853caa4118a5e9ba64f68cf5d, type: 3}
--- !u!33 &33000011724426602
MeshFilter:
  m_ObjectHideFlags: 1
  m_PrefabParentObject: {fileID: 0}
  m_PrefabInternal: {fileID: 100100000}
  m_GameObject: {fileID: 1000010131316028}
  m_Mesh: {fileID: 4300000, guid: 979fdf4853caa4118a5e9ba64f68cf5d, type: 3}
--- !u!33 &33000011745229026
MeshFilter:
  m_ObjectHideFlags: 1
  m_PrefabParentObject: {fileID: 0}
  m_PrefabInternal: {fileID: 100100000}
  m_GameObject: {fileID: 1000012355100102}
  m_Mesh: {fileID: 4300002, guid: 979fdf4853caa4118a5e9ba64f68cf5d, type: 3}
--- !u!33 &33000011865111132
MeshFilter:
  m_ObjectHideFlags: 1
  m_PrefabParentObject: {fileID: 0}
  m_PrefabInternal: {fileID: 100100000}
  m_GameObject: {fileID: 1000012655804442}
  m_Mesh: {fileID: 4300000, guid: 72d48481420e74e6ab1ff98ea81e467d, type: 3}
--- !u!33 &33000012164007212
MeshFilter:
  m_ObjectHideFlags: 1
  m_PrefabParentObject: {fileID: 0}
  m_PrefabInternal: {fileID: 100100000}
  m_GameObject: {fileID: 1000010787209586}
  m_Mesh: {fileID: 4300006, guid: 979fdf4853caa4118a5e9ba64f68cf5d, type: 3}
--- !u!33 &33000012372359660
MeshFilter:
  m_ObjectHideFlags: 1
  m_PrefabParentObject: {fileID: 0}
  m_PrefabInternal: {fileID: 100100000}
  m_GameObject: {fileID: 1000010908629224}
  m_Mesh: {fileID: 4300004, guid: 988549d028d924740b37768f479b18f6, type: 3}
--- !u!33 &33000012610582492
MeshFilter:
  m_ObjectHideFlags: 1
  m_PrefabParentObject: {fileID: 0}
  m_PrefabInternal: {fileID: 100100000}
  m_GameObject: {fileID: 1000013788963368}
  m_Mesh: {fileID: 4300000, guid: d9698ab09a3be45a0a089800fda7015e, type: 3}
--- !u!33 &33000012931566664
MeshFilter:
  m_ObjectHideFlags: 1
  m_PrefabParentObject: {fileID: 0}
  m_PrefabInternal: {fileID: 100100000}
  m_GameObject: {fileID: 1000011964412802}
  m_Mesh: {fileID: 4300000, guid: d71971a1a088c4325acd71653dd4fcd7, type: 3}
--- !u!33 &33000013104573612
MeshFilter:
  m_ObjectHideFlags: 1
  m_PrefabParentObject: {fileID: 0}
  m_PrefabInternal: {fileID: 100100000}
  m_GameObject: {fileID: 1000010811587284}
  m_Mesh: {fileID: 4300002, guid: 979fdf4853caa4118a5e9ba64f68cf5d, type: 3}
--- !u!33 &33000013153339204
MeshFilter:
  m_ObjectHideFlags: 1
  m_PrefabParentObject: {fileID: 0}
  m_PrefabInternal: {fileID: 100100000}
  m_GameObject: {fileID: 1000010338729194}
  m_Mesh: {fileID: 4300006, guid: 979fdf4853caa4118a5e9ba64f68cf5d, type: 3}
--- !u!33 &33000013220946122
MeshFilter:
  m_ObjectHideFlags: 1
  m_PrefabParentObject: {fileID: 0}
  m_PrefabInternal: {fileID: 100100000}
  m_GameObject: {fileID: 1000012685905636}
  m_Mesh: {fileID: 4300002, guid: 979fdf4853caa4118a5e9ba64f68cf5d, type: 3}
--- !u!33 &33000013428908512
MeshFilter:
  m_ObjectHideFlags: 1
  m_PrefabParentObject: {fileID: 0}
  m_PrefabInternal: {fileID: 100100000}
  m_GameObject: {fileID: 1000012757189178}
  m_Mesh: {fileID: 4300000, guid: 979fdf4853caa4118a5e9ba64f68cf5d, type: 3}
--- !u!33 &33000013699897812
MeshFilter:
  m_ObjectHideFlags: 1
  m_PrefabParentObject: {fileID: 0}
  m_PrefabInternal: {fileID: 100100000}
  m_GameObject: {fileID: 1000014215825222}
  m_Mesh: {fileID: 4300000, guid: 979fdf4853caa4118a5e9ba64f68cf5d, type: 3}
--- !u!33 &33000013802418936
MeshFilter:
  m_ObjectHideFlags: 1
  m_PrefabParentObject: {fileID: 0}
  m_PrefabInternal: {fileID: 100100000}
  m_GameObject: {fileID: 1000010428685610}
  m_Mesh: {fileID: 4300000, guid: 988549d028d924740b37768f479b18f6, type: 3}
--- !u!33 &33000013897110514
MeshFilter:
  m_ObjectHideFlags: 1
  m_PrefabParentObject: {fileID: 0}
  m_PrefabInternal: {fileID: 100100000}
  m_GameObject: {fileID: 1000010593757558}
  m_Mesh: {fileID: 4300000, guid: 988549d028d924740b37768f479b18f6, type: 3}
--- !u!108 &108000010418827922
Light:
  m_ObjectHideFlags: 1
  m_PrefabParentObject: {fileID: 0}
  m_PrefabInternal: {fileID: 100100000}
  m_GameObject: {fileID: 1000012961486380}
  m_Enabled: 1
  serializedVersion: 7
  m_Type: 1
  m_Color: {r: 0.56078434, g: 0.07450981, b: 0.6, a: 1}
  m_Intensity: 0
  m_Range: 10
  m_SpotAngle: 30
  m_CookieSize: 10
  m_Shadows:
    m_Type: 2
    m_Resolution: -1
    m_CustomResolution: -1
    m_Strength: 1
    m_Bias: 0.05
    m_NormalBias: 0.4
    m_NearPlane: 0.2
  m_Cookie: {fileID: 0}
  m_DrawHalo: 0
  m_Flare: {fileID: 0}
  m_RenderMode: 0
  m_CullingMask:
    serializedVersion: 2
    m_Bits: 4294967295
  m_Lightmapping: 1
  m_AreaSize: {x: 1, y: 1}
  m_BounceIntensity: 1
  m_ShadowRadius: 0
  m_ShadowAngle: 0
--- !u!114 &114000010142528098
MonoBehaviour:
  m_ObjectHideFlags: 1
  m_PrefabParentObject: {fileID: 0}
  m_PrefabInternal: {fileID: 100100000}
  m_GameObject: {fileID: 1000014022542926}
  m_Enabled: 1
  m_EditorHideFlags: 0
  m_Script: {fileID: 11500000, guid: 549c7042d238f4e6eaef084692d32035, type: 3}
  m_Name: 
  m_EditorClassIdentifier: 
  Altitude: 10
  Azimuth: 300
  Distance: 1
  Size: 4
--- !u!114 &114000010180369142
MonoBehaviour:
  m_ObjectHideFlags: 1
  m_PrefabParentObject: {fileID: 0}
  m_PrefabInternal: {fileID: 100100000}
  m_GameObject: {fileID: 1000010302388996}
  m_Enabled: 1
  m_EditorHideFlags: 0
  m_Script: {fileID: 11500000, guid: 880e57ac4c7274d3cb5f932495c35c98, type: 3}
  m_Name: 
  m_EditorClassIdentifier: 
  WindDegrees: -90
  WindSpeed: 500
--- !u!114 &114000010210420626
MonoBehaviour:
  m_ObjectHideFlags: 1
  m_PrefabParentObject: {fileID: 0}
  m_PrefabInternal: {fileID: 100100000}
  m_GameObject: {fileID: 1000010111628000}
  m_Enabled: 1
  m_EditorHideFlags: 0
  m_Script: {fileID: 11500000, guid: 549c7042d238f4e6eaef084692d32035, type: 3}
  m_Name: 
  m_EditorClassIdentifier: 
  Altitude: 5
  Azimuth: 180
  Distance: 1
  Size: 4
--- !u!114 &114000010783130576
MonoBehaviour:
  m_ObjectHideFlags: 1
  m_PrefabParentObject: {fileID: 0}
  m_PrefabInternal: {fileID: 100100000}
  m_GameObject: {fileID: 1000010131316028}
  m_Enabled: 1
  m_EditorHideFlags: 0
  m_Script: {fileID: 11500000, guid: 549c7042d238f4e6eaef084692d32035, type: 3}
  m_Name: 
  m_EditorClassIdentifier: 
  Altitude: 2.8
  Azimuth: 120
  Distance: 1
  Size: 4
--- !u!114 &114000010942836646
MonoBehaviour:
  m_ObjectHideFlags: 1
  m_PrefabParentObject: {fileID: 0}
  m_PrefabInternal: {fileID: 100100000}
  m_GameObject: {fileID: 1000010302388996}
  m_Enabled: 1
  m_EditorHideFlags: 0
  m_Script: {fileID: 11500000, guid: 0886c13a75c854b46ab2e93dcc0a091b, type: 3}
  m_Name: 
  m_EditorClassIdentifier: 
  Space: {fileID: 1000010428685610}
  Stars: {fileID: 1000011558539222}
  Sun: {fileID: 1000012655804442}
  Moon: {fileID: 1000013788963368}
  Atmosphere: {fileID: 1000010593757558}
  Clear: {fileID: 1000010908629224}
  Clouds: {fileID: 1000011964412802}
  Billboards: {fileID: 1000013667271952}
  Light: {fileID: 1000012961486380}
--- !u!114 &114000011370258728
MonoBehaviour:
  m_ObjectHideFlags: 1
  m_PrefabParentObject: {fileID: 0}
  m_PrefabInternal: {fileID: 100100000}
  m_GameObject: {fileID: 1000014215825222}
  m_Enabled: 1
  m_EditorHideFlags: 0
  m_Script: {fileID: 11500000, guid: 549c7042d238f4e6eaef084692d32035, type: 3}
  m_Name: 
  m_EditorClassIdentifier: 
  Altitude: 5
  Azimuth: 0
  Distance: 1
  Size: 4
--- !u!114 &114000012085947896
MonoBehaviour:
  m_ObjectHideFlags: 1
  m_PrefabParentObject: {fileID: 0}
  m_PrefabInternal: {fileID: 100100000}
  m_GameObject: {fileID: 1000012757189178}
  m_Enabled: 1
  m_EditorHideFlags: 0
  m_Script: {fileID: 11500000, guid: 549c7042d238f4e6eaef084692d32035, type: 3}
  m_Name: 
  m_EditorClassIdentifier: 
  Altitude: 5
  Azimuth: 240
  Distance: 1
  Size: 4
--- !u!114 &114000012148840596
MonoBehaviour:
  m_ObjectHideFlags: 1
  m_PrefabParentObject: {fileID: 0}
  m_PrefabInternal: {fileID: 100100000}
  m_GameObject: {fileID: 1000012685905636}
  m_Enabled: 1
  m_EditorHideFlags: 0
  m_Script: {fileID: 11500000, guid: 549c7042d238f4e6eaef084692d32035, type: 3}
  m_Name: 
  m_EditorClassIdentifier: 
  Altitude: 6.5
  Azimuth: 30
  Distance: 1
  Size: 4
--- !u!114 &114000012311298770
MonoBehaviour:
  m_ObjectHideFlags: 1
  m_PrefabParentObject: {fileID: 0}
  m_PrefabInternal: {fileID: 100100000}
  m_GameObject: {fileID: 1000010302388996}
  m_Enabled: 1
  m_EditorHideFlags: 0
  m_Script: {fileID: 11500000, guid: 47f048f256d29b7428352774558a9860, type: 3}
  m_Name: 
  m_EditorClassIdentifier: 
  DayLengthInMinutes: 1
  ProgressTime: 0
  UseDeviceDate: 0
  UseDeviceTime: 0
  UseTimeCurve: 0
  TimeCurve:
    serializedVersion: 2
    m_Curve:
    - time: 0
      value: 0
      inSlope: 0
      outSlope: 1
      tangentMode: 0
    - time: 24
      value: 24
      inSlope: 1
      outSlope: 0
      tangentMode: 0
    m_PreInfinity: 2
    m_PostInfinity: 2
    m_RotationOrder: 4
--- !u!114 &114000012458795836
MonoBehaviour:
  m_ObjectHideFlags: 1
  m_PrefabParentObject: {fileID: 0}
  m_PrefabInternal: {fileID: 100100000}
  m_GameObject: {fileID: 1000013090427080}
  m_Enabled: 1
  m_EditorHideFlags: 0
  m_Script: {fileID: 11500000, guid: 549c7042d238f4e6eaef084692d32035, type: 3}
  m_Name: 
  m_EditorClassIdentifier: 
  Altitude: 5
  Azimuth: 210
  Distance: 1
  Size: 4
--- !u!114 &114000012782893884
MonoBehaviour:
  m_ObjectHideFlags: 1
  m_PrefabParentObject: {fileID: 0}
  m_PrefabInternal: {fileID: 100100000}
  m_GameObject: {fileID: 1000011091020528}
  m_Enabled: 1
  m_EditorHideFlags: 0
  m_Script: {fileID: 11500000, guid: 549c7042d238f4e6eaef084692d32035, type: 3}
  m_Name: 
  m_EditorClassIdentifier: 
  Altitude: 1.6
  Azimuth: 60
  Distance: 1
  Size: 4
--- !u!114 &114000012893561164
MonoBehaviour:
  m_ObjectHideFlags: 1
  m_PrefabParentObject: {fileID: 0}
  m_PrefabInternal: {fileID: 100100000}
  m_GameObject: {fileID: 1000010302388996}
  m_Enabled: 1
  m_EditorHideFlags: 0
  m_Script: {fileID: 11500000, guid: e3096e00ab1b90d4cbf773a7c8bfa5a4, type: 3}
  m_Name: 
  m_EditorClassIdentifier: 
  ColorSpace: 0
  ColorRange: 0
  ColorOutput: 1
  SkyQuality: 0
  CloudQuality: 2
  MeshQuality: 2
  StarQuality: 2
  Cycle:
    Hour: 0
    Day: 31
    Month: 12
    Year: 1999
  World:
    Latitude: 0
    Longitude: 0
    UTC: 0
  Atmosphere:
    RayleighMultiplier: 0
    MieMultiplier: 0
    Brightness: 1.08
    Contrast: 1.78
    Directionality: 0
    Fogginess: 0
  Day:
    SunColor:
      key0:
        serializedVersion: 2
        rgba: 4281510909
      key1:
        serializedVersion: 2
        rgba: 4281510909
      key2:
        serializedVersion: 2
        rgba: 4281510909
      key3:
        serializedVersion: 2
        rgba: 0
      key4:
        serializedVersion: 2
        rgba: 0
      key5:
        serializedVersion: 2
        rgba: 0
      key6:
        serializedVersion: 2
        rgba: 0
      key7:
        serializedVersion: 2
        rgba: 0
      ctime0: 0
      ctime1: 32768
      ctime2: 65535
      ctime3: 0
      ctime4: 0
      ctime5: 0
      ctime6: 0
      ctime7: 0
      atime0: 0
      atime1: 32768
      atime2: 65535
      atime3: 0
      atime4: 0
      atime5: 0
      atime6: 0
      atime7: 0
      m_NumColorKeys: 3
      m_NumAlphaKeys: 3
    LightColor:
      key0:
        serializedVersion: 2
        rgba: 4293587967
      key1:
        serializedVersion: 2
        rgba: 4293587967
      key2:
        serializedVersion: 2
        rgba: 4278229759
      key3:
        serializedVersion: 2
        rgba: 0
      key4:
        serializedVersion: 2
        rgba: 0
      key5:
        serializedVersion: 2
        rgba: 0
      key6:
        serializedVersion: 2
        rgba: 0
      key7:
        serializedVersion: 2
        rgba: 0
      ctime0: 0
      ctime1: 32768
      ctime2: 65535
      ctime3: 0
      ctime4: 0
      ctime5: 0
      ctime6: 0
      ctime7: 0
      atime0: 0
      atime1: 32768
      atime2: 65535
      atime3: 0
      atime4: 0
      atime5: 0
      atime6: 0
      atime7: 0
      m_NumColorKeys: 3
      m_NumAlphaKeys: 3
    RayColor:
      key0:
        serializedVersion: 2
        rgba: 4293587967
      key1:
        serializedVersion: 2
        rgba: 4293587967
      key2:
        serializedVersion: 2
        rgba: 4278229759
      key3:
        serializedVersion: 2
        rgba: 0
      key4:
        serializedVersion: 2
        rgba: 0
      key5:
        serializedVersion: 2
        rgba: 0
      key6:
        serializedVersion: 2
        rgba: 0
      key7:
        serializedVersion: 2
        rgba: 0
      ctime0: 0
      ctime1: 32768
      ctime2: 65535
      ctime3: 0
      ctime4: 0
      ctime5: 0
      ctime6: 0
      ctime7: 0
      atime0: 0
      atime1: 32768
      atime2: 65535
      atime3: 0
      atime4: 0
      atime5: 0
      atime6: 0
      atime7: 0
      m_NumColorKeys: 3
      m_NumAlphaKeys: 3
    SkyColor:
      key0:
        serializedVersion: 2
        rgba: 4293587967
      key1:
        serializedVersion: 2
        rgba: 4293587967
      key2:
        serializedVersion: 2
        rgba: 4293587967
      key3:
        serializedVersion: 2
        rgba: 0
      key4:
        serializedVersion: 2
        rgba: 0
      key5:
        serializedVersion: 2
        rgba: 0
      key6:
        serializedVersion: 2
        rgba: 0
      key7:
        serializedVersion: 2
        rgba: 0
      ctime0: 0
      ctime1: 32768
      ctime2: 65535
      ctime3: 0
      ctime4: 0
      ctime5: 0
      ctime6: 0
      ctime7: 0
      atime0: 0
      atime1: 32768
      atime2: 65535
      atime3: 0
      atime4: 0
      atime5: 0
      atime6: 0
      atime7: 0
      m_NumColorKeys: 3
      m_NumAlphaKeys: 3
    CloudColor:
      key0:
        serializedVersion: 2
        rgba: 4294962144
      key1:
        serializedVersion: 2
        rgba: 4294962144
      key2:
        serializedVersion: 2
        rgba: 4287742975
      key3:
        serializedVersion: 2
        rgba: 0
      key4:
        serializedVersion: 2
        rgba: 0
      key5:
        serializedVersion: 2
        rgba: 0
      key6:
        serializedVersion: 2
        rgba: 0
      key7:
        serializedVersion: 2
        rgba: 0
      ctime0: 0
      ctime1: 32768
      ctime2: 65535
      ctime3: 0
      ctime4: 0
      ctime5: 0
      ctime6: 0
      ctime7: 0
      atime0: 0
      atime1: 32768
      atime2: 65535
      atime3: 0
      atime4: 0
      atime5: 0
      atime6: 0
      atime7: 0
      m_NumColorKeys: 3
      m_NumAlphaKeys: 3
    FogColor:
      key0:
        serializedVersion: 2
        rgba: 4290756543
      key1:
        serializedVersion: 2
        rgba: 4290756543
      key2:
        serializedVersion: 2
        rgba: 4286545791
      key3:
        serializedVersion: 2
        rgba: 0
      key4:
        serializedVersion: 2
        rgba: 0
      key5:
        serializedVersion: 2
        rgba: 0
      key6:
        serializedVersion: 2
        rgba: 0
      key7:
        serializedVersion: 2
        rgba: 0
      ctime0: 0
      ctime1: 32768
      ctime2: 65535
      ctime3: 0
      ctime4: 0
      ctime5: 0
      ctime6: 0
      ctime7: 0
      atime0: 0
      atime1: 32768
      atime2: 65535
      atime3: 0
      atime4: 0
      atime5: 0
      atime6: 0
      atime7: 0
      m_NumColorKeys: 3
      m_NumAlphaKeys: 3
    AmbientColor:
      key0:
        serializedVersion: 2
        rgba: 4278190159
      key1:
        serializedVersion: 2
        rgba: 4278190166
      key2:
        serializedVersion: 2
        rgba: 4278190080
      key3:
        serializedVersion: 2
        rgba: 0
      key4:
        serializedVersion: 2
        rgba: 0
      key5:
        serializedVersion: 2
        rgba: 0
      key6:
        serializedVersion: 2
        rgba: 0
      key7:
        serializedVersion: 2
        rgba: 0
      ctime0: 0
      ctime1: 32768
      ctime2: 65535
      ctime3: 65535
      ctime4: 0
      ctime5: 0
      ctime6: 0
      ctime7: 0
      atime0: 0
      atime1: 32768
      atime2: 65535
      atime3: 0
      atime4: 0
      atime5: 0
      atime6: 0
      atime7: 0
      m_NumColorKeys: 3
      m_NumAlphaKeys: 3
    LightIntensity: 1
    ShadowStrength: 1
    AmbientMultiplier: 1
    ReflectionMultiplier: 1
  Night:
    MoonColor:
      key0:
        serializedVersion: 2
        rgba: 4291357183
      key1:
        serializedVersion: 2
        rgba: 4291357183
      key2:
        serializedVersion: 2
        rgba: 4291357183
      key3:
        serializedVersion: 2
        rgba: 0
      key4:
        serializedVersion: 2
        rgba: 0
      key5:
        serializedVersion: 2
        rgba: 0
      key6:
        serializedVersion: 2
        rgba: 0
      key7:
        serializedVersion: 2
        rgba: 0
      ctime0: 0
      ctime1: 32768
      ctime2: 65535
      ctime3: 0
      ctime4: 0
      ctime5: 0
      ctime6: 0
      ctime7: 0
      atime0: 0
      atime1: 32768
      atime2: 65535
      atime3: 0
      atime4: 0
      atime5: 0
      atime6: 0
      atime7: 0
      m_NumColorKeys: 3
      m_NumAlphaKeys: 3
    LightColor:
      key0:
        serializedVersion: 2
        rgba: 4294901959
      key1:
        serializedVersion: 2
        rgba: 4293722367
      key2:
        serializedVersion: 2
        rgba: 4282460185
      key3:
        serializedVersion: 2
        rgba: 0
      key4:
        serializedVersion: 2
        rgba: 0
      key5:
        serializedVersion: 2
        rgba: 0
      key6:
        serializedVersion: 2
        rgba: 0
      key7:
        serializedVersion: 2
        rgba: 0
      ctime0: 0
      ctime1: 32768
      ctime2: 65535
      ctime3: 0
      ctime4: 0
      ctime5: 0
      ctime6: 0
      ctime7: 0
      atime0: 0
      atime1: 32768
      atime2: 65535
      atime3: 0
      atime4: 0
      atime5: 0
      atime6: 0
      atime7: 0
      m_NumColorKeys: 3
      m_NumAlphaKeys: 3
    RayColor:
      key0:
        serializedVersion: 2
        rgba: 4282460185
      key1:
        serializedVersion: 2
        rgba: 859908121
      key2:
        serializedVersion: 2
        rgba: 859908121
      key3:
        serializedVersion: 2
        rgba: 0
      key4:
        serializedVersion: 2
        rgba: 0
      key5:
        serializedVersion: 2
        rgba: 0
      key6:
        serializedVersion: 2
        rgba: 0
      key7:
        serializedVersion: 2
        rgba: 0
      ctime0: 0
      ctime1: 32768
      ctime2: 65535
      ctime3: 0
      ctime4: 0
      ctime5: 0
      ctime6: 0
      ctime7: 0
      atime0: 0
      atime1: 32768
      atime2: 65535
      atime3: 0
      atime4: 0
      atime5: 0
      atime6: 0
      atime7: 0
      m_NumColorKeys: 3
      m_NumAlphaKeys: 3
    SkyColor:
      key0:
        serializedVersion: 2
        rgba: 4278190080
      key1:
        serializedVersion: 2
        rgba: 860556544
      key2:
        serializedVersion: 2
        rgba: 859908121
      key3:
        serializedVersion: 2
        rgba: 0
      key4:
        serializedVersion: 2
        rgba: 0
      key5:
        serializedVersion: 2
        rgba: 0
      key6:
        serializedVersion: 2
        rgba: 0
      key7:
        serializedVersion: 2
        rgba: 0
      ctime0: 0
      ctime1: 32768
      ctime2: 65535
      ctime3: 0
      ctime4: 0
      ctime5: 0
      ctime6: 0
      ctime7: 0
      atime0: 0
      atime1: 32768
      atime2: 65535
      atime3: 0
      atime4: 0
      atime5: 0
      atime6: 0
      atime7: 0
      m_NumColorKeys: 3
      m_NumAlphaKeys: 3
    CloudColor:
      key0:
        serializedVersion: 2
        rgba: 4278190080
      key1:
        serializedVersion: 2
        rgba: 8459776
      key2:
        serializedVersion: 2
        rgba: 436207625
      key3:
        serializedVersion: 2
        rgba: 0
      key4:
        serializedVersion: 2
        rgba: 0
      key5:
        serializedVersion: 2
        rgba: 0
      key6:
        serializedVersion: 2
        rgba: 0
      key7:
        serializedVersion: 2
        rgba: 0
      ctime0: 0
      ctime1: 32768
      ctime2: 65535
      ctime3: 0
      ctime4: 0
      ctime5: 0
      ctime6: 0
      ctime7: 0
      atime0: 0
      atime1: 32768
      atime2: 65535
      atime3: 0
      atime4: 0
      atime5: 0
      atime6: 0
      atime7: 0
      m_NumColorKeys: 3
      m_NumAlphaKeys: 3
    FogColor:
      key0:
        serializedVersion: 2
        rgba: 4294901969
      key1:
        serializedVersion: 2
        rgba: 859908121
      key2:
        serializedVersion: 2
        rgba: 859908121
      key3:
        serializedVersion: 2
        rgba: 0
      key4:
        serializedVersion: 2
        rgba: 0
      key5:
        serializedVersion: 2
        rgba: 0
      key6:
        serializedVersion: 2
        rgba: 0
      key7:
        serializedVersion: 2
        rgba: 0
      ctime0: 0
      ctime1: 32768
      ctime2: 65535
      ctime3: 0
      ctime4: 0
      ctime5: 0
      ctime6: 0
      ctime7: 0
      atime0: 0
      atime1: 32768
      atime2: 65535
      atime3: 0
      atime4: 0
      atime5: 0
      atime6: 0
      atime7: 0
      m_NumColorKeys: 3
      m_NumAlphaKeys: 3
    AmbientColor:
      key0:
        serializedVersion: 2
        rgba: 4294902011
      key1:
        serializedVersion: 2
        rgba: 859908121
      key2:
        serializedVersion: 2
        rgba: 859908121
      key3:
        serializedVersion: 2
        rgba: 0
      key4:
        serializedVersion: 2
        rgba: 0
      key5:
        serializedVersion: 2
        rgba: 0
      key6:
        serializedVersion: 2
        rgba: 0
      key7:
        serializedVersion: 2
        rgba: 0
      ctime0: 0
      ctime1: 32768
      ctime2: 65535
      ctime3: 0
      ctime4: 0
      ctime5: 0
      ctime6: 0
      ctime7: 0
      atime0: 0
      atime1: 32768
      atime2: 65535
      atime3: 0
      atime4: 0
      atime5: 0
      atime6: 0
      atime7: 0
      m_NumColorKeys: 3
      m_NumAlphaKeys: 3
    LightIntensity: 0.1
    ShadowStrength: 1
    AmbientMultiplier: 1
    ReflectionMultiplier: 1
  Sun:
    MeshSize: 1
    MeshBrightness: 2
    MeshContrast: 1
  Moon:
    MeshSize: 1
    MeshBrightness: 2
    MeshContrast: 1
    HaloSize: 0.1
    HaloBrightness: 1
    Position: 1
  Stars:
    Size: 1
    Brightness: 5
    Position: 1
  Clouds:
    Size: 1
    Opacity: 1
    Coverage: 0.88
    Sharpness: 1
    Attenuation: 0.48
    Saturation: 0.5
    Scattering: 1
    Brightness: 1.5
  Light:
    UpdateInterval: 0
    MinimumHeight: 0
  Fog:
    Mode: 1
    HeightBias: 0
  Ambient:
    Mode: 1
    Saturation: 1
    UpdateInterval: 1
  Reflection:
    Mode: 0
    ClearFlags: 1
    CullingMask:
      serializedVersion: 2
      m_Bits: 0
    TimeSlicing: 0
    UpdateInterval: 1
--- !u!114 &114000013103559328
MonoBehaviour:
  m_ObjectHideFlags: 1
  m_PrefabParentObject: {fileID: 0}
  m_PrefabInternal: {fileID: 100100000}
  m_GameObject: {fileID: 1000010302388996}
  m_Enabled: 1
  m_EditorHideFlags: 0
  m_Script: {fileID: 11500000, guid: c6fc6a2df5a7e4241b1986eba1d98aad, type: 3}
  m_Name: 
  m_EditorClassIdentifier: 
  Skybox: {fileID: 2100000, guid: eb84c412c6f3c48908aa7c9fd686c5c6, type: 2}
  MoonLOD0: {fileID: 4300000, guid: d9698ab09a3be45a0a089800fda7015e, type: 3}
  MoonLOD1: {fileID: 4300002, guid: d9698ab09a3be45a0a089800fda7015e, type: 3}
  MoonLOD2: {fileID: 4300004, guid: d9698ab09a3be45a0a089800fda7015e, type: 3}
  SkyLOD0: {fileID: 4300000, guid: 988549d028d924740b37768f479b18f6, type: 3}
  SkyLOD1: {fileID: 4300002, guid: 988549d028d924740b37768f479b18f6, type: 3}
  SkyLOD2: {fileID: 4300004, guid: 988549d028d924740b37768f479b18f6, type: 3}
  CloudsLOD0: {fileID: 4300000, guid: d71971a1a088c4325acd71653dd4fcd7, type: 3}
  CloudsLOD1: {fileID: 4300002, guid: d71971a1a088c4325acd71653dd4fcd7, type: 3}
  CloudsLOD2: {fileID: 4300004, guid: d71971a1a088c4325acd71653dd4fcd7, type: 3}
  StarsLOD0: {fileID: 4300000, guid: 2e84c5609875044c9adb1a30a8749e3c, type: 2}
  StarsLOD1: {fileID: 4300000, guid: a3e1176a4106440edb99135bbd0fe506, type: 2}
  StarsLOD2: {fileID: 4300000, guid: 21d61bc5c339a470ea1ff86cdb127c1d, type: 2}
--- !u!114 &114000013987530854
MonoBehaviour:
  m_ObjectHideFlags: 1
  m_PrefabParentObject: {fileID: 0}
  m_PrefabInternal: {fileID: 100100000}
  m_GameObject: {fileID: 1000012355100102}
  m_Enabled: 1
  m_EditorHideFlags: 0
  m_Script: {fileID: 11500000, guid: 549c7042d238f4e6eaef084692d32035, type: 3}
  m_Name: 
  m_EditorClassIdentifier: 
  Altitude: 5
  Azimuth: 270
  Distance: 1
  Size: 4
--- !u!114 &114000014059137722
MonoBehaviour:
  m_ObjectHideFlags: 1
  m_PrefabParentObject: {fileID: 0}
  m_PrefabInternal: {fileID: 100100000}
  m_GameObject: {fileID: 1000010338729194}
  m_Enabled: 1
  m_EditorHideFlags: 0
  m_Script: {fileID: 11500000, guid: 549c7042d238f4e6eaef084692d32035, type: 3}
  m_Name: 
  m_EditorClassIdentifier: 
  Altitude: 5
  Azimuth: 90
  Distance: 1
  Size: 4
--- !u!114 &114000014110572482
MonoBehaviour:
  m_ObjectHideFlags: 1
  m_PrefabParentObject: {fileID: 0}
  m_PrefabInternal: {fileID: 100100000}
  m_GameObject: {fileID: 1000010787209586}
  m_Enabled: 1
  m_EditorHideFlags: 0
  m_Script: {fileID: 11500000, guid: 549c7042d238f4e6eaef084692d32035, type: 3}
  m_Name: 
  m_EditorClassIdentifier: 
  Altitude: 10
  Azimuth: 330
  Distance: 1
  Size: 4
--- !u!114 &114000014276982764
MonoBehaviour:
  m_ObjectHideFlags: 1
  m_PrefabParentObject: {fileID: 0}
  m_PrefabInternal: {fileID: 100100000}
  m_GameObject: {fileID: 1000010811587284}
  m_Enabled: 1
  m_EditorHideFlags: 0
  m_Script: {fileID: 11500000, guid: 549c7042d238f4e6eaef084692d32035, type: 3}
  m_Name: 
  m_EditorClassIdentifier: 
  Altitude: 6.5
  Azimuth: 150
  Distance: 1
  Size: 4
