%YAML 1.1
%TAG !u! tag:unity3d.com,2011:
--- !u!29 &1
SceneSettings:
  m_ObjectHideFlags: 0
  m_PVSData: 
  m_PVSObjectsArray: []
  m_PVSPortalsArray: []
  m_OcclusionBakeSettings:
    smallestOccluder: 5
    smallestHole: 0.25
    backfaceThreshold: 100
--- !u!104 &2
RenderSettings:
  m_ObjectHideFlags: 0
  serializedVersion: 7
  m_Fog: 0
  m_FogColor: {r: 0.5, g: 0.5, b: 0.5, a: 1}
  m_FogMode: 3
  m_FogDensity: 0.01
  m_LinearFogStart: 0
  m_LinearFogEnd: 300
  m_AmbientSkyColor: {r: 0.212, g: 0.227, b: 0.259, a: 1}
  m_AmbientEquatorColor: {r: 0.114, g: 0.125, b: 0.133, a: 1}
  m_AmbientGroundColor: {r: 0.047, g: 0.043, b: 0.035, a: 1}
  m_AmbientIntensity: 1
  m_AmbientMode: 0
  m_SkyboxMaterial: {fileID: 0}
  m_HaloStrength: 0.5
  m_FlareStrength: 1
  m_FlareFadeSpeed: 3
  m_HaloTexture: {fileID: 0}
  m_SpotCookie: {fileID: 10001, guid: 0000000000000000e000000000000000, type: 0}
  m_DefaultReflectionMode: 0
  m_DefaultReflectionResolution: 128
  m_ReflectionBounces: 1
  m_ReflectionIntensity: 1
  m_CustomReflection: {fileID: 0}
  m_Sun: {fileID: 0}
  m_IndirectSpecularColor: {r: 0, g: 0, b: 0, a: 1}
--- !u!157 &3
LightmapSettings:
  m_ObjectHideFlags: 0
  serializedVersion: 7
  m_GIWorkflowMode: 0
  m_GISettings:
    serializedVersion: 2
    m_BounceScale: 1
    m_IndirectOutputScale: 1
    m_AlbedoBoost: 1
    m_TemporalCoherenceThreshold: 1
    m_EnvironmentLightingMode: 0
    m_EnableBakedLightmaps: 1
    m_EnableRealtimeLightmaps: 1
  m_LightmapEditorSettings:
    serializedVersion: 4
    m_Resolution: 2
    m_BakeResolution: 40
    m_TextureWidth: 1024
    m_TextureHeight: 1024
    m_AO: 0
    m_AOMaxDistance: 1
    m_CompAOExponent: 0
    m_CompAOExponentDirect: 0
    m_Padding: 2
    m_LightmapParameters: {fileID: 0}
    m_LightmapsBakeMode: 1
    m_TextureCompression: 1
    m_DirectLightInLightProbes: 1
    m_FinalGather: 0
    m_FinalGatherFiltering: 1
    m_FinalGatherRayCount: 1024
    m_ReflectionCompression: 2
  m_LightingDataAsset: {fileID: 0}
  m_RuntimeCPUUsage: 25
--- !u!196 &4
NavMeshSettings:
  serializedVersion: 2
  m_ObjectHideFlags: 0
  m_BuildSettings:
    serializedVersion: 2
    agentRadius: 0.5
    agentHeight: 2
    agentSlope: 45
    agentClimb: 0.4
    ledgeDropHeight: 0
    maxJumpAcrossDistance: 0
    accuratePlacement: 0
    minRegionArea: 2
    cellSize: 0.16666667
    manualCellSize: 0
  m_NavMeshData: {fileID: 0}
--- !u!1 &190109805
GameObject:
  m_ObjectHideFlags: 0
  m_PrefabParentObject: {fileID: 0}
  m_PrefabInternal: {fileID: 0}
  serializedVersion: 4
  m_Component:
  - 224: {fileID: 190109806}
  - 223: {fileID: 190109809}
  - 114: {fileID: 190109808}
  - 114: {fileID: 190109807}
  m_Layer: 5
  m_Name: Canvas
  m_TagString: Untagged
  m_Icon: {fileID: 0}
  m_NavMeshLayer: 0
  m_StaticEditorFlags: 0
  m_IsActive: 1
--- !u!224 &190109806
RectTransform:
  m_ObjectHideFlags: 0
  m_PrefabParentObject: {fileID: 0}
  m_PrefabInternal: {fileID: 0}
  m_GameObject: {fileID: 190109805}
  m_LocalRotation: {x: 0, y: 0, z: 0, w: 1}
  m_LocalPosition: {x: 0, y: 0, z: 0}
  m_LocalScale: {x: 0, y: 0, z: 0}
  m_LocalEulerAnglesHint: {x: 0, y: 0, z: 0}
  m_Children:
  - {fileID: 1570618950}
  m_Father: {fileID: 576053929}
  m_RootOrder: 2
  m_AnchorMin: {x: 0, y: 0}
  m_AnchorMax: {x: 0, y: 0}
  m_AnchoredPosition: {x: 0, y: 0}
  m_SizeDelta: {x: 0, y: 0}
  m_Pivot: {x: 0, y: 0}
--- !u!114 &190109807
MonoBehaviour:
  m_ObjectHideFlags: 0
  m_PrefabParentObject: {fileID: 0}
  m_PrefabInternal: {fileID: 0}
  m_GameObject: {fileID: 190109805}
  m_Enabled: 1
  m_EditorHideFlags: 0
  m_Script: {fileID: 1301386320, guid: f5f67c52d1564df4a8936ccd202a3bd8, type: 3}
  m_Name: 
  m_EditorClassIdentifier: 
  m_IgnoreReversedGraphics: 1
  m_BlockingObjects: 0
  m_BlockingMask:
    serializedVersion: 2
    m_Bits: 4294967295
--- !u!114 &190109808
MonoBehaviour:
  m_ObjectHideFlags: 0
  m_PrefabParentObject: {fileID: 0}
  m_PrefabInternal: {fileID: 0}
  m_GameObject: {fileID: 190109805}
  m_Enabled: 1
  m_EditorHideFlags: 0
  m_Script: {fileID: 1980459831, guid: f5f67c52d1564df4a8936ccd202a3bd8, type: 3}
  m_Name: 
  m_EditorClassIdentifier: 
  m_UiScaleMode: 1
  m_ReferencePixelsPerUnit: 100
  m_ScaleFactor: 1
  m_ReferenceResolution: {x: 1024, y: 768}
  m_ScreenMatchMode: 0
  m_MatchWidthOrHeight: 0
  m_PhysicalUnit: 3
  m_FallbackScreenDPI: 96
  m_DefaultSpriteDPI: 96
  m_DynamicPixelsPerUnit: 1
--- !u!223 &190109809
Canvas:
  m_ObjectHideFlags: 0
  m_PrefabParentObject: {fileID: 0}
  m_PrefabInternal: {fileID: 0}
  m_GameObject: {fileID: 190109805}
  m_Enabled: 1
  serializedVersion: 2
  m_RenderMode: 1
  m_Camera: {fileID: 0}
  m_PlaneDistance: 100
  m_PixelPerfect: 0
  m_ReceivesEvents: 1
  m_OverrideSorting: 0
  m_OverridePixelPerfect: 0
  m_SortingBucketNormalizedSize: 0
  m_SortingLayerID: 0
  m_SortingOrder: 0
  m_TargetDisplay: 0
--- !u!1 &576053928
GameObject:
  m_ObjectHideFlags: 0
  m_PrefabParentObject: {fileID: 138152, guid: 2d3f6f4ada6e3a243be1977cf51675a2, type: 2}
  m_PrefabInternal: {fileID: 0}
  serializedVersion: 4
  m_Component:
  - 4: {fileID: 576053929}
  - 114: {fileID: 576053930}
  m_Layer: 0
  m_Name: TrackSelector
  m_TagString: Untagged
  m_Icon: {fileID: 0}
  m_NavMeshLayer: 0
  m_StaticEditorFlags: 0
  m_IsActive: 1
--- !u!4 &576053929
Transform:
  m_ObjectHideFlags: 0
  m_PrefabParentObject: {fileID: 464808, guid: 2d3f6f4ada6e3a243be1977cf51675a2, type: 2}
  m_PrefabInternal: {fileID: 0}
  m_GameObject: {fileID: 576053928}
  m_LocalRotation: {x: 0, y: 0, z: 0, w: 1}
  m_LocalPosition: {x: 0, y: 0, z: 0}
  m_LocalScale: {x: 1, y: 1, z: 1}
  m_LocalEulerAnglesHint: {x: 0, y: 0, z: 0}
  m_Children:
  - {fileID: 1956674785}
  - {fileID: 612792530}
  - {fileID: 190109806}
  m_Father: {fileID: 0}
  m_RootOrder: 0
--- !u!114 &576053930
MonoBehaviour:
  m_ObjectHideFlags: 0
  m_PrefabParentObject: {fileID: 0}
  m_PrefabInternal: {fileID: 0}
  m_GameObject: {fileID: 576053928}
  m_Enabled: 1
  m_EditorHideFlags: 0
  m_Script: {fileID: 11500000, guid: bbd6da4d15fb4794fb1a9b0bdf43ff78, type: 3}
  m_Name: 
  m_EditorClassIdentifier: 
  TrackPanel: {fileID: 1570618951}
  TrackName: {fileID: 1570618952}
  Tracks:
  - SubTracks: []
    Scene: AITest
    PanelTexture: {fileID: 2800000, guid: 054cec5365a86cf4abbfe1a11c810493, type: 3}
    TrackName: AI Test
  - SubTracks:
    - {fileID: 1000013898843974, guid: 526427bb2aa60524fb3e0654c74516cc, type: 2}
    - {fileID: 1000012646363826, guid: 3cd269ade1cc7754abcbd414ee0b9f9a, type: 2}
    Scene: DayScene
    PanelTexture: {fileID: 2800000, guid: 054cec5365a86cf4abbfe1a11c810493, type: 3}
    TrackName: Day Track
--- !u!1 &612792529
GameObject:
  m_ObjectHideFlags: 0
  m_PrefabParentObject: {fileID: 0}
  m_PrefabInternal: {fileID: 0}
  serializedVersion: 4
  m_Component:
  - 4: {fileID: 612792530}
  - 20: {fileID: 612792532}
  - 124: {fileID: 612792531}
  m_Layer: 0
  m_Name: PreviewCam
  m_TagString: Untagged
  m_Icon: {fileID: 0}
  m_NavMeshLayer: 0
  m_StaticEditorFlags: 0
  m_IsActive: 1
--- !u!4 &612792530
Transform:
  m_ObjectHideFlags: 0
  m_PrefabParentObject: {fileID: 0}
  m_PrefabInternal: {fileID: 0}
  m_GameObject: {fileID: 612792529}
  m_LocalRotation: {x: -0.083511144, y: 0.5684422, z: -0.12361164, w: -0.80908567}
  m_LocalPosition: {x: 2.3554158, y: 16.188423, z: 22.517683}
  m_LocalScale: {x: 110.81885, y: 110.8188, z: 110.8188}
  m_LocalEulerAnglesHint: {x: 0, y: 0, z: 0}
  m_Children: []
  m_Father: {fileID: 576053929}
  m_RootOrder: 1
--- !u!124 &612792531
Behaviour:
  m_ObjectHideFlags: 0
  m_PrefabParentObject: {fileID: 0}
  m_PrefabInternal: {fileID: 0}
  m_GameObject: {fileID: 612792529}
  m_Enabled: 1
--- !u!20 &612792532
Camera:
  m_ObjectHideFlags: 0
  m_PrefabParentObject: {fileID: 0}
  m_PrefabInternal: {fileID: 0}
  m_GameObject: {fileID: 612792529}
  m_Enabled: 1
  serializedVersion: 2
  m_ClearFlags: 2
  m_BackGroundColor: {r: 0, g: 0, b: 0, a: 0.019607844}
  m_NormalizedViewPortRect:
    serializedVersion: 2
    x: 0
    y: 0
    width: 1
    height: 1
  near clip plane: 0.3
  far clip plane: 1000
  field of view: 60
  orthographic: 0
  orthographic size: 5
  m_Depth: 0
  m_CullingMask:
    serializedVersion: 2
    m_Bits: 1024
  m_RenderingPath: -1
  m_TargetTexture: {fileID: 8400000, guid: 304da50b8f9610042906007aa21b883e, type: 2}
  m_TargetDisplay: 0
  m_TargetEye: 3
  m_HDR: 0
  m_OcclusionCulling: 1
  m_StereoConvergence: 10
  m_StereoSeparation: 0.022
  m_StereoMirrorMode: 0
--- !u!1001 &1570618949
Prefab:
  m_ObjectHideFlags: 0
  serializedVersion: 2
  m_Modification:
    m_TransformParent: {fileID: 190109806}
    m_Modifications:
    - target: {fileID: 22424372, guid: c4f338545cb5ea142b73bb3a4cf08556, type: 2}
      propertyPath: m_LocalPosition.x
      value: 0
      objectReference: {fileID: 0}
    - target: {fileID: 22424372, guid: c4f338545cb5ea142b73bb3a4cf08556, type: 2}
      propertyPath: m_LocalPosition.y
      value: 0
      objectReference: {fileID: 0}
    - target: {fileID: 22424372, guid: c4f338545cb5ea142b73bb3a4cf08556, type: 2}
      propertyPath: m_LocalPosition.z
      value: 0
      objectReference: {fileID: 0}
    - target: {fileID: 22424372, guid: c4f338545cb5ea142b73bb3a4cf08556, type: 2}
      propertyPath: m_LocalRotation.x
      value: 0
      objectReference: {fileID: 0}
    - target: {fileID: 22424372, guid: c4f338545cb5ea142b73bb3a4cf08556, type: 2}
      propertyPath: m_LocalRotation.y
      value: 0
      objectReference: {fileID: 0}
    - target: {fileID: 22424372, guid: c4f338545cb5ea142b73bb3a4cf08556, type: 2}
      propertyPath: m_LocalRotation.z
      value: 0
      objectReference: {fileID: 0}
    - target: {fileID: 22424372, guid: c4f338545cb5ea142b73bb3a4cf08556, type: 2}
      propertyPath: m_LocalRotation.w
      value: 1
      objectReference: {fileID: 0}
    - target: {fileID: 22424372, guid: c4f338545cb5ea142b73bb3a4cf08556, type: 2}
      propertyPath: m_RootOrder
      value: 0
      objectReference: {fileID: 0}
    - target: {fileID: 22424372, guid: c4f338545cb5ea142b73bb3a4cf08556, type: 2}
      propertyPath: m_AnchoredPosition.x
      value: 0
      objectReference: {fileID: 0}
    - target: {fileID: 22424372, guid: c4f338545cb5ea142b73bb3a4cf08556, type: 2}
      propertyPath: m_AnchoredPosition.y
      value: 0
      objectReference: {fileID: 0}
    - target: {fileID: 22424372, guid: c4f338545cb5ea142b73bb3a4cf08556, type: 2}
      propertyPath: m_SizeDelta.x
      value: 0
      objectReference: {fileID: 0}
    - target: {fileID: 22424372, guid: c4f338545cb5ea142b73bb3a4cf08556, type: 2}
      propertyPath: m_SizeDelta.y
      value: 0
      objectReference: {fileID: 0}
    - target: {fileID: 22424372, guid: c4f338545cb5ea142b73bb3a4cf08556, type: 2}
      propertyPath: m_AnchorMin.x
      value: 0
      objectReference: {fileID: 0}
    - target: {fileID: 22424372, guid: c4f338545cb5ea142b73bb3a4cf08556, type: 2}
      propertyPath: m_AnchorMin.y
      value: 0
      objectReference: {fileID: 0}
    - target: {fileID: 22424372, guid: c4f338545cb5ea142b73bb3a4cf08556, type: 2}
      propertyPath: m_AnchorMax.x
      value: 1
      objectReference: {fileID: 0}
    - target: {fileID: 22424372, guid: c4f338545cb5ea142b73bb3a4cf08556, type: 2}
      propertyPath: m_AnchorMax.y
      value: 1
      objectReference: {fileID: 0}
    - target: {fileID: 22424372, guid: c4f338545cb5ea142b73bb3a4cf08556, type: 2}
      propertyPath: m_Pivot.x
      value: 0.5
      objectReference: {fileID: 0}
    - target: {fileID: 22424372, guid: c4f338545cb5ea142b73bb3a4cf08556, type: 2}
      propertyPath: m_Pivot.y
      value: 0.5
      objectReference: {fileID: 0}
    - target: {fileID: 193146, guid: c4f338545cb5ea142b73bb3a4cf08556, type: 2}
      propertyPath: m_Name
      value: TrackSelection
      objectReference: {fileID: 0}
    - target: {fileID: 11453290, guid: c4f338545cb5ea142b73bb3a4cf08556, type: 2}
      propertyPath: m_Enabled
      value: 1
      objectReference: {fileID: 0}
    - target: {fileID: 11414334, guid: c4f338545cb5ea142b73bb3a4cf08556, type: 2}
      propertyPath: m_Enabled
      value: 0
      objectReference: {fileID: 0}
    - target: {fileID: 126888, guid: c4f338545cb5ea142b73bb3a4cf08556, type: 2}
      propertyPath: m_IsActive
      value: 0
      objectReference: {fileID: 0}
    m_RemovedComponents: []
  m_ParentPrefab: {fileID: 100100000, guid: c4f338545cb5ea142b73bb3a4cf08556, type: 2}
  m_IsPrefabParent: 0
--- !u!224 &1570618950 stripped
RectTransform:
  m_PrefabParentObject: {fileID: 22424372, guid: c4f338545cb5ea142b73bb3a4cf08556,
    type: 2}
  m_PrefabInternal: {fileID: 1570618949}
--- !u!114 &1570618951 stripped
MonoBehaviour:
  m_PrefabParentObject: {fileID: 11471128, guid: c4f338545cb5ea142b73bb3a4cf08556,
    type: 2}
  m_PrefabInternal: {fileID: 1570618949}
  m_Script: {fileID: -98529514, guid: f5f67c52d1564df4a8936ccd202a3bd8, type: 3}
--- !u!114 &1570618952 stripped
MonoBehaviour:
  m_PrefabParentObject: {fileID: 11418934, guid: c4f338545cb5ea142b73bb3a4cf08556,
    type: 2}
  m_PrefabInternal: {fileID: 1570618949}
  m_Script: {fileID: 708705254, guid: f5f67c52d1564df4a8936ccd202a3bd8, type: 3}
--- !u!1 &1690717214
GameObject:
  m_ObjectHideFlags: 0
  m_PrefabParentObject: {fileID: 0}
  m_PrefabInternal: {fileID: 0}
  serializedVersion: 4
  m_Component:
  - 4: {fileID: 1690717215}
  m_Layer: 0
  m_Name: GameObject
  m_TagString: Untagged
  m_Icon: {fileID: 0}
  m_NavMeshLayer: 0
  m_StaticEditorFlags: 0
  m_IsActive: 0
--- !u!4 &1690717215
Transform:
  m_ObjectHideFlags: 0
  m_PrefabParentObject: {fileID: 0}
  m_PrefabInternal: {fileID: 0}
  m_GameObject: {fileID: 1690717214}
  m_LocalRotation: {x: 0, y: 0, z: 0, w: 1}
  m_LocalPosition: {x: 517.066, y: 291.5, z: 12.74}
  m_LocalScale: {x: 1, y: 1, z: 1}
  m_LocalEulerAnglesHint: {x: 0, y: 0, z: 0}
  m_Children: []
  m_Father: {fileID: 0}
  m_RootOrder: 1
--- !u!1 &1956674784
GameObject:
  m_ObjectHideFlags: 0
  m_PrefabParentObject: {fileID: 0}
  m_PrefabInternal: {fileID: 0}
  serializedVersion: 4
  m_Component:
  - 4: {fileID: 1956674785}
  - 114: {fileID: 1956674788}
  - 95: {fileID: 1956674787}
  - 120: {fileID: 1956674786}
  m_Layer: 10
  m_Name: TrackPreview
  m_TagString: Untagged
  m_Icon: {fileID: 0}
  m_NavMeshLayer: 0
  m_StaticEditorFlags: 0
  m_IsActive: 0
--- !u!4 &1956674785
Transform:
  m_ObjectHideFlags: 0
  m_PrefabParentObject: {fileID: 0}
  m_PrefabInternal: {fileID: 0}
  m_GameObject: {fileID: 1956674784}
  m_LocalRotation: {x: -0.53229487, y: -0.24344331, z: 0.77609855, w: -0.23466691}
  m_LocalPosition: {x: -0.20901155, y: 15.146083, z: 23.515387}
  m_LocalScale: {x: 0.38786587, y: 0.387866, z: 0.3878661}
  m_LocalEulerAnglesHint: {x: 0, y: 0, z: 0}
  m_Children: []
  m_Father: {fileID: 576053929}
  m_RootOrder: 0
--- !u!120 &1956674786
LineRenderer:
  m_ObjectHideFlags: 0
  m_PrefabParentObject: {fileID: 0}
  m_PrefabInternal: {fileID: 0}
  m_GameObject: {fileID: 1956674784}
  m_Enabled: 1
  m_CastShadows: 0
  m_ReceiveShadows: 0
  m_MotionVectors: 1
  m_LightProbeUsage: 1
  m_ReflectionProbeUsage: 1
  m_Materials:
  - {fileID: 2100000, guid: 1057c00666f062c4b95f7f4fe7b7955a, type: 2}
  m_SubsetIndices: 
  m_StaticBatchRoot: {fileID: 0}
  m_ProbeAnchor: {fileID: 0}
  m_LightProbeVolumeOverride: {fileID: 0}
  m_ScaleInLightmap: 1
  m_PreserveUVs: 0
  m_IgnoreNormalsForChartDetection: 0
  m_ImportantGI: 0
  m_SelectedWireframeHidden: 0
  m_MinimumChartSize: 4
  m_AutoUVMaxDistance: 0.5
  m_AutoUVMaxAngle: 89
  m_LightmapParameters: {fileID: 0}
  m_SortingLayerID: 0
  m_SortingOrder: 0
  m_Positions:
  - {x: -2.7987974, y: 0.104697265, z: -1.0433085}
  - {x: -2.7975907, y: 0.104697265, z: -0.8875072}
  - {x: -2.7936702, y: 0.104697265, z: -0.72703457}
  - {x: -2.7865841, y: 0.104697265, z: -0.56276655}
  - {x: -2.7758818, y: 0.104697265, z: -0.3955792}
  - {x: -2.7611115, y: 0.104697265, z: -0.22634801}
  - {x: -2.7418222, y: 0.104697265, z: -0.05594942}
  - {x: -2.7175627, y: 0.104697265, z: 0.114741445}
  - {x: -2.6878812, y: 0.104697265, z: 0.2848484}
  - {x: -2.6523275, y: 0.104697265, z: 0.45349544}
  - {x: -2.6104493, y: 0.104697265, z: 0.61980724}
  - {x: -2.561796, y: 0.104697265, z: 0.7829072}
  - {x: -2.505916, y: 0.104697265, z: 0.9419199}
  - {x: -2.4423583, y: 0.104697265, z: 1.0959697}
  - {x: -2.3706715, y: 0.104697265, z: 1.2441807}
  - {x: -2.290404, y: 0.104697265, z: 1.3856767}
  - {x: -2.2011056, y: 0.104697265, z: 1.519582}
  - {x: -2.102324, y: 0.104697265, z: 1.6450205}
  - {x: -1.9936082, y: 0.104697265, z: 1.7611167}
  - {x: -1.8745072, y: 0.104697265, z: 1.8669949}
  - {x: -1.7530153, y: 0.11518894, z: 1.9754853}
  - {x: -1.6366029, y: 0.14513777, z: 2.0978727}
  - {x: -1.5240314, y: 0.1922548, z: 2.2309623}
  - {x: -1.4140626, y: 0.25425056, z: 2.3715587}
  - {x: -1.3054575, y: 0.3288366, z: 2.5164695}
  - {x: -1.1969783, y: 0.4137233, z: 2.6624987}
  - {x: -1.0873866, y: 0.50662166, z: 2.8064518}
  - {x: -0.97544384, y: 0.60524297, z: 2.9451342}
  - {x: -0.8599114, y: 0.7072978, z: 3.075353}
  - {x: -0.7395518, y: 0.81049734, z: 3.193911}
  - {x: -0.6131259, y: 0.91255206, z: 3.2976146}
  - {x: -0.47939563, y: 1.0111735, z: 3.3832705}
  - {x: -0.3371222, y: 1.1040721, z: 3.4476836}
  - {x: -0.18506758, y: 1.1889588, z: 3.4876578}
  - {x: -0.02199339, y: 1.2635444, z: 3.5}
  - {x: 0.15333915, y: 1.3255403, z: 3.4815154}
  - {x: 0.34216723, y: 1.3726573, z: 3.42901}
  - {x: 0.54573095, y: 1.4026062, z: 3.3392887}
  - {x: 0.7652675, y: 1.4130977, z: 3.209156}
  - {x: 0.8983753, y: 1.4026062, z: 3.12577}
  - {x: 1.0410185, y: 1.3726574, z: 3.044401}
  - {x: 1.1909539, y: 1.3255405, z: 2.9639843}
  - {x: 1.3459365, y: 1.2635444, z: 2.8834534}
  - {x: 1.5037217, y: 1.1889588, z: 2.8017447}
  - {x: 1.6620653, y: 1.1040721, z: 2.7177908}
  - {x: 1.818723, y: 1.0111735, z: 2.630528}
  - {x: 1.9714503, y: 0.9125523, z: 2.5388904}
  - {x: 2.1180034, y: 0.8104975, z: 2.4418125}
  - {x: 2.256136, y: 0.7072978, z: 2.3382287}
  - {x: 2.3836057, y: 0.6052431, z: 2.2270741}
  - {x: 2.4981668, y: 0.50662184, z: 2.1072824}
  - {x: 2.5975754, y: 0.4137233, z: 1.9777889}
  - {x: 2.6795876, y: 0.3288366, z: 1.8375292}
  - {x: 2.741958, y: 0.25425056, z: 1.6854358}
  - {x: 2.7824426, y: 0.1922548, z: 1.5204445}
  - {x: 2.7987974, y: 0.14513777, z: 1.3414905}
  - {x: 2.7887774, y: 0.11518894, z: 1.1475071}
  - {x: 2.7501383, y: 0.104697265, z: 0.93742967}
  - {x: 2.7144158, y: 0.0925266, z: 0.78737533}
  - {x: 2.6798928, y: 0.057784904, z: 0.63506585}
  - {x: 2.6458693, y: 0.0031273556, z: 0.48104322}
  - {x: 2.6116374, y: -0.0687902, z: 0.32584608}
  - {x: 2.5764983, y: -0.15531276, z: 0.17001599}
  - {x: 2.5397441, y: -0.25378463, z: 0.014092863}
  - {x: 2.5006738, y: -0.3615505, z: -0.14138424}
  - {x: 2.4585838, y: -0.47595495, z: -0.29587334}
  - {x: 2.4127693, y: -0.5943426, z: -0.44883496}
  - {x: 2.3625264, y: -0.714058, z: -0.5997292}
  - {x: 2.3071525, y: -0.83244544, z: -0.7480153}
  - {x: 2.2459438, y: -0.94684994, z: -0.89315295}
  - {x: 2.1781974, y: -1.0546157, z: -1.034602}
  - {x: 2.103208, y: -1.1530876, z: -1.1718223}
  - {x: 2.0202737, y: -1.2396102, z: -1.3042736}
  - {x: 1.9286896, y: -1.3115278, z: -1.4314154}
  - {x: 1.8277533, y: -1.3661853, z: -1.5527077}
  - {x: 1.7167605, y: -1.4009271, z: -1.6676102}
  - {x: 1.5950077, y: -1.4130977, z: -1.7755822}
  - {x: 1.478092, y: -1.4009274, z: -1.8750861}
  - {x: 1.3639177, y: -1.3661853, z: -1.9788526}
  - {x: 1.2518636, y: -1.3115281, z: -2.085948}
  - {x: 1.1413023, y: -1.2396102, z: -2.1954384}
  - {x: 1.0316107, y: -1.1530876, z: -2.3063896}
  - {x: 0.9221626, y: -1.0546159, z: -2.4178665}
  - {x: 0.81233346, y: -0.94684994, z: -2.5289357}
  - {x: 0.70149934, y: -0.83244544, z: -2.638663}
  - {x: 0.58903474, y: -0.7140581, z: -2.7461147}
  - {x: 0.4743144, y: -0.5943426, z: -2.8503559}
  - {x: 0.35671404, y: -0.47595507, z: -2.9504523}
  - {x: 0.23560843, y: -0.36155063, z: -3.0454702}
  - {x: 0.11037299, y: -0.25378472, z: -3.1344752}
  - {x: -0.019616688, y: -0.15531276, z: -3.2165334}
  - {x: -0.15498652, y: -0.0687902, z: -3.2907107}
  - {x: -0.29636025, y: 0.0031273556, z: -3.3560724}
  - {x: -0.44436333, y: 0.057784904, z: -3.4116848}
  - {x: -0.5996205, y: 0.0925266, z: -3.4566138}
  - {x: -0.76275647, y: 0.104697265, z: -3.4899247}
  - {x: -0.91477644, y: 0.104697265, z: -3.5}
  - {x: -1.0677581, y: 0.104697265, z: -3.4825034}
  - {x: -1.2206515, y: 0.104697265, z: -3.4395797}
  - {x: -1.372408, y: 0.104697265, z: -3.3733702}
  - {x: -1.5219779, y: 0.104697265, z: -3.2860196}
  - {x: -1.6683121, y: 0.104697265, z: -3.1796699}
  - {x: -1.8103614, y: 0.104697265, z: -3.0564642}
  - {x: -1.9470764, y: 0.104697265, z: -2.9185457}
  - {x: -2.077408, y: 0.104697265, z: -2.768058}
  - {x: -2.2003071, y: 0.104697265, z: -2.607143}
  - {x: -2.314724, y: 0.104697265, z: -2.4379442}
  - {x: -2.4196098, y: 0.104697265, z: -2.2626052}
  - {x: -2.513915, y: 0.104697265, z: -2.0832684}
  - {x: -2.5965905, y: 0.104697265, z: -1.9020771}
  - {x: -2.666587, y: 0.104697265, z: -1.721174}
  - {x: -2.722855, y: 0.104697265, z: -1.5427028}
  - {x: -2.764346, y: 0.104697265, z: -1.3688064}
  - {x: -2.7900095, y: 0.104697265, z: -1.2016269}
  - {x: -2.7987974, y: 0.104697265, z: -1.0433085}
  m_Parameters:
    startWidth: 0.2
    endWidth: 0.2
    m_StartColor:
      serializedVersion: 2
      rgba: 4294967295
    m_EndColor:
      serializedVersion: 2
      rgba: 4294967295
  m_UseWorldSpace: 0
--- !u!95 &1956674787
Animator:
  serializedVersion: 3
  m_ObjectHideFlags: 0
  m_PrefabParentObject: {fileID: 0}
  m_PrefabInternal: {fileID: 0}
  m_GameObject: {fileID: 1956674784}
  m_Enabled: 1
  m_Avatar: {fileID: 0}
  m_Controller: {fileID: 9100000, guid: 1b0d9caf039fcaa4197addb8bba82f69, type: 2}
  m_CullingMode: 0
  m_UpdateMode: 0
  m_ApplyRootMotion: 0
  m_LinearVelocityBlending: 0
  m_WarningMessage: 
  m_HasTransformHierarchy: 1
  m_AllowConstantClipSamplingOptimization: 1
--- !u!114 &1956674788
MonoBehaviour:
  m_ObjectHideFlags: 0
  m_PrefabParentObject: {fileID: 0}
  m_PrefabInternal: {fileID: 0}
  m_GameObject: {fileID: 1956674784}
  m_Enabled: 1
  m_EditorHideFlags: 0
  m_Script: {fileID: 11500000, guid: 87d7f87248c62c94480c755a004a1b74, type: 3}
  m_Name: 
  m_EditorClassIdentifier: 
  TrackMaterial: {fileID: 2100000, guid: 1057c00666f062c4b95f7f4fe7b7955a, type: 2}
  Resolution: 20
  LineWidth: 0.2
  Size: 7
